%YAML 1.1
%TAG !u! tag:unity3d.com,2011:
--- !u!1 &5167307244800237392
GameObject:
  m_ObjectHideFlags: 0
  m_CorrespondingSourceObject: {fileID: 0}
  m_PrefabInstance: {fileID: 0}
  m_PrefabAsset: {fileID: 0}
  serializedVersion: 6
  m_Component:
  - component: {fileID: 8332094984424077176}
  m_Layer: 0
  m_Name: x2_3
  m_TagString: Untagged
  m_Icon: {fileID: 0}
  m_NavMeshLayer: 0
  m_StaticEditorFlags: 0
  m_IsActive: 1
--- !u!4 &8332094984424077176
Transform:
  m_ObjectHideFlags: 0
  m_CorrespondingSourceObject: {fileID: 0}
  m_PrefabInstance: {fileID: 0}
  m_PrefabAsset: {fileID: 0}
  m_GameObject: {fileID: 5167307244800237392}
  m_LocalRotation: {x: -0, y: -0, z: -0, w: 1}
  m_LocalPosition: {x: 0, y: 0, z: 0}
  m_LocalScale: {x: 1, y: 1, z: 1}
  m_Children:
  - {fileID: 2876009394353242668}
  - {fileID: 3902479654947216371}
  - {fileID: 4997955706893609603}
  - {fileID: 2803936602333779157}
  - {fileID: 3584400523433932688}
  - {fileID: 4775263394191188643}
  - {fileID: 8527678571890394125}
  - {fileID: 8144355630859727266}
  - {fileID: 2786048248489413267}
  m_Father: {fileID: 0}
  m_RootOrder: 0
  m_LocalEulerAnglesHint: {x: 0, y: 0, z: 0}
--- !u!1001 &1937250395637028459
PrefabInstance:
  m_ObjectHideFlags: 0
  serializedVersion: 2
  m_Modification:
    m_TransformParent: {fileID: 8332094984424077176}
    m_Modifications:
    - target: {fileID: 3531608898534075653, guid: 13bfd4b3e22b4f84c9687c4d5e3e6fe5, type: 3}
      propertyPath: m_Name
      value: item_empty
      objectReference: {fileID: 0}
    - target: {fileID: 4343852572870810872, guid: 13bfd4b3e22b4f84c9687c4d5e3e6fe5, type: 3}
      propertyPath: m_LocalPosition.x
      value: -0.61
      objectReference: {fileID: 0}
    - target: {fileID: 4343852572870810872, guid: 13bfd4b3e22b4f84c9687c4d5e3e6fe5, type: 3}
      propertyPath: m_LocalPosition.y
      value: 6.79
      objectReference: {fileID: 0}
    - target: {fileID: 4343852572870810872, guid: 13bfd4b3e22b4f84c9687c4d5e3e6fe5, type: 3}
      propertyPath: m_LocalPosition.z
      value: 0
      objectReference: {fileID: 0}
    - target: {fileID: 4343852572870810872, guid: 13bfd4b3e22b4f84c9687c4d5e3e6fe5, type: 3}
      propertyPath: m_LocalRotation.x
      value: -0
      objectReference: {fileID: 0}
    - target: {fileID: 4343852572870810872, guid: 13bfd4b3e22b4f84c9687c4d5e3e6fe5, type: 3}
      propertyPath: m_LocalRotation.y
      value: -0
      objectReference: {fileID: 0}
    - target: {fileID: 4343852572870810872, guid: 13bfd4b3e22b4f84c9687c4d5e3e6fe5, type: 3}
      propertyPath: m_LocalRotation.z
      value: -0
      objectReference: {fileID: 0}
    - target: {fileID: 4343852572870810872, guid: 13bfd4b3e22b4f84c9687c4d5e3e6fe5, type: 3}
      propertyPath: m_LocalRotation.w
      value: 1
      objectReference: {fileID: 0}
    - target: {fileID: 4343852572870810872, guid: 13bfd4b3e22b4f84c9687c4d5e3e6fe5, type: 3}
      propertyPath: m_RootOrder
      value: 8
      objectReference: {fileID: 0}
    - target: {fileID: 4343852572870810872, guid: 13bfd4b3e22b4f84c9687c4d5e3e6fe5, type: 3}
      propertyPath: m_LocalEulerAnglesHint.x
      value: 0
      objectReference: {fileID: 0}
    - target: {fileID: 4343852572870810872, guid: 13bfd4b3e22b4f84c9687c4d5e3e6fe5, type: 3}
      propertyPath: m_LocalEulerAnglesHint.y
      value: 0
      objectReference: {fileID: 0}
    - target: {fileID: 4343852572870810872, guid: 13bfd4b3e22b4f84c9687c4d5e3e6fe5, type: 3}
      propertyPath: m_LocalEulerAnglesHint.z
      value: 0
      objectReference: {fileID: 0}
    - target: {fileID: 4843700600396337411, guid: 13bfd4b3e22b4f84c9687c4d5e3e6fe5, type: 3}
      propertyPath: m_SortingLayerID
      value: -1332208547
      objectReference: {fileID: 0}
    - target: {fileID: 4843700600396337411, guid: 13bfd4b3e22b4f84c9687c4d5e3e6fe5, type: 3}
      propertyPath: m_SortingLayer
      value: 1
      objectReference: {fileID: 0}
    - target: {fileID: 4843700600396337411, guid: 13bfd4b3e22b4f84c9687c4d5e3e6fe5, type: 3}
      propertyPath: m_SortingOrder
      value: 111
      objectReference: {fileID: 0}
    - target: {fileID: 4843700600396337411, guid: 13bfd4b3e22b4f84c9687c4d5e3e6fe5, type: 3}
      propertyPath: m_Sprite
      value: 
      objectReference: {fileID: -5201029523819252307, guid: 21a2ae8d3e892254e84cc4b4d374cf28, type: 3}
    m_RemovedComponents: []
  m_SourcePrefab: {fileID: 100100000, guid: 13bfd4b3e22b4f84c9687c4d5e3e6fe5, type: 3}
--- !u!4 &2786048248489413267 stripped
Transform:
  m_CorrespondingSourceObject: {fileID: 4343852572870810872, guid: 13bfd4b3e22b4f84c9687c4d5e3e6fe5, type: 3}
  m_PrefabInstance: {fileID: 1937250395637028459}
  m_PrefabAsset: {fileID: 0}
--- !u!1001 &2930033788786246015
PrefabInstance:
  m_ObjectHideFlags: 0
  serializedVersion: 2
  m_Modification:
    m_TransformParent: {fileID: 8332094984424077176}
    m_Modifications:
    - target: {fileID: 1467458858315482898, guid: 982ad48a1ea510c469372dc0493ef07a, type: 3}
      propertyPath: m_Name
      value: item_phisics (7)
      objectReference: {fileID: 0}
    - target: {fileID: 1808137508924421871, guid: 982ad48a1ea510c469372dc0493ef07a, type: 3}
      propertyPath: m_LocalPosition.x
      value: -4.529999
      objectReference: {fileID: 0}
    - target: {fileID: 1808137508924421871, guid: 982ad48a1ea510c469372dc0493ef07a, type: 3}
      propertyPath: m_LocalPosition.y
      value: 7.78
      objectReference: {fileID: 0}
    - target: {fileID: 1808137508924421871, guid: 982ad48a1ea510c469372dc0493ef07a, type: 3}
      propertyPath: m_LocalPosition.z
      value: 0
      objectReference: {fileID: 0}
    - target: {fileID: 1808137508924421871, guid: 982ad48a1ea510c469372dc0493ef07a, type: 3}
      propertyPath: m_LocalRotation.x
      value: -0
      objectReference: {fileID: 0}
    - target: {fileID: 1808137508924421871, guid: 982ad48a1ea510c469372dc0493ef07a, type: 3}
      propertyPath: m_LocalRotation.y
      value: -0
      objectReference: {fileID: 0}
    - target: {fileID: 1808137508924421871, guid: 982ad48a1ea510c469372dc0493ef07a, type: 3}
      propertyPath: m_LocalRotation.z
      value: -0
      objectReference: {fileID: 0}
    - target: {fileID: 1808137508924421871, guid: 982ad48a1ea510c469372dc0493ef07a, type: 3}
      propertyPath: m_LocalRotation.w
      value: 1
      objectReference: {fileID: 0}
    - target: {fileID: 1808137508924421871, guid: 982ad48a1ea510c469372dc0493ef07a, type: 3}
      propertyPath: m_RootOrder
      value: 4
      objectReference: {fileID: 0}
    - target: {fileID: 1808137508924421871, guid: 982ad48a1ea510c469372dc0493ef07a, type: 3}
      propertyPath: m_LocalEulerAnglesHint.x
      value: 0
      objectReference: {fileID: 0}
    - target: {fileID: 1808137508924421871, guid: 982ad48a1ea510c469372dc0493ef07a, type: 3}
      propertyPath: m_LocalEulerAnglesHint.y
      value: 0
      objectReference: {fileID: 0}
    - target: {fileID: 1808137508924421871, guid: 982ad48a1ea510c469372dc0493ef07a, type: 3}
      propertyPath: m_LocalEulerAnglesHint.z
      value: 0
      objectReference: {fileID: 0}
    - target: {fileID: 2624718922426506853, guid: 982ad48a1ea510c469372dc0493ef07a, type: 3}
      propertyPath: m_Mass
      value: 500
      objectReference: {fileID: 0}
    - target: {fileID: 6962764224025498906, guid: 982ad48a1ea510c469372dc0493ef07a, type: 3}
      propertyPath: layerSortingOrder
      value: 116
      objectReference: {fileID: 0}
    - target: {fileID: 6962764224025498906, guid: 982ad48a1ea510c469372dc0493ef07a, type: 3}
      propertyPath: fx.Array.data[0]
      value: 
      objectReference: {fileID: 4230173638489732945, guid: 6037c4ed50408a9458b1b5d4186e800b, type: 3}
    - target: {fileID: 7379136522054155028, guid: 982ad48a1ea510c469372dc0493ef07a, type: 3}
      propertyPath: m_Sprite
      value: 
      objectReference: {fileID: 4818489709235286705, guid: 4b399db1087529444ae26ee5aa3dec4f, type: 3}
    - target: {fileID: 7379136522054155028, guid: 982ad48a1ea510c469372dc0493ef07a, type: 3}
      propertyPath: m_SortingOrder
      value: 115
      objectReference: {fileID: 0}
    - target: {fileID: 8451343442907297712, guid: 982ad48a1ea510c469372dc0493ef07a, type: 3}
      propertyPath: m_Offset.y
      value: -0.2913723
      objectReference: {fileID: 0}
    - target: {fileID: 8451343442907297712, guid: 982ad48a1ea510c469372dc0493ef07a, type: 3}
      propertyPath: m_SpriteTilingProperty.oldSize.x
      value: 0.86
      objectReference: {fileID: 0}
    - target: {fileID: 8451343442907297712, guid: 982ad48a1ea510c469372dc0493ef07a, type: 3}
      propertyPath: m_SpriteTilingProperty.oldSize.y
      value: 1.63
      objectReference: {fileID: 0}
    - target: {fileID: 8451343442907297712, guid: 982ad48a1ea510c469372dc0493ef07a, type: 3}
      propertyPath: m_Size.y
      value: 1.5651283
      objectReference: {fileID: 0}
    - target: {fileID: 8451343442907297712, guid: 982ad48a1ea510c469372dc0493ef07a, type: 3}
      propertyPath: m_Offset.x
      value: 0.011024475
      objectReference: {fileID: 0}
    - target: {fileID: 8451343442907297712, guid: 982ad48a1ea510c469372dc0493ef07a, type: 3}
      propertyPath: m_Size.x
      value: 0.54914856
      objectReference: {fileID: 0}
    m_RemovedComponents: []
  m_SourcePrefab: {fileID: 100100000, guid: 982ad48a1ea510c469372dc0493ef07a, type: 3}
--- !u!4 &3584400523433932688 stripped
Transform:
  m_CorrespondingSourceObject: {fileID: 1808137508924421871, guid: 982ad48a1ea510c469372dc0493ef07a, type: 3}
  m_PrefabInstance: {fileID: 2930033788786246015}
  m_PrefabAsset: {fileID: 0}
--- !u!1001 &4786058403492280065
PrefabInstance:
  m_ObjectHideFlags: 0
  serializedVersion: 2
  m_Modification:
    m_TransformParent: {fileID: 8332094984424077176}
    m_Modifications:
    - target: {fileID: 519938151996300674, guid: b71d743b2605d484c9c7890ca68e255d, type: 3}
      propertyPath: m_LocalPosition.x
      value: -7.959999
      objectReference: {fileID: 0}
    - target: {fileID: 519938151996300674, guid: b71d743b2605d484c9c7890ca68e255d, type: 3}
      propertyPath: m_LocalPosition.y
      value: 6.71
      objectReference: {fileID: 0}
    - target: {fileID: 519938151996300674, guid: b71d743b2605d484c9c7890ca68e255d, type: 3}
      propertyPath: m_LocalPosition.z
      value: 0
      objectReference: {fileID: 0}
    - target: {fileID: 519938151996300674, guid: b71d743b2605d484c9c7890ca68e255d, type: 3}
      propertyPath: m_LocalRotation.x
      value: -0
      objectReference: {fileID: 0}
    - target: {fileID: 519938151996300674, guid: b71d743b2605d484c9c7890ca68e255d, type: 3}
      propertyPath: m_LocalRotation.y
      value: -0
      objectReference: {fileID: 0}
    - target: {fileID: 519938151996300674, guid: b71d743b2605d484c9c7890ca68e255d, type: 3}
      propertyPath: m_LocalRotation.z
      value: -0
      objectReference: {fileID: 0}
    - target: {fileID: 519938151996300674, guid: b71d743b2605d484c9c7890ca68e255d, type: 3}
      propertyPath: m_LocalRotation.w
      value: 1
      objectReference: {fileID: 0}
    - target: {fileID: 519938151996300674, guid: b71d743b2605d484c9c7890ca68e255d, type: 3}
      propertyPath: m_RootOrder
      value: 2
      objectReference: {fileID: 0}
    - target: {fileID: 519938151996300674, guid: b71d743b2605d484c9c7890ca68e255d, type: 3}
      propertyPath: m_LocalEulerAnglesHint.x
      value: 0
      objectReference: {fileID: 0}
    - target: {fileID: 519938151996300674, guid: b71d743b2605d484c9c7890ca68e255d, type: 3}
      propertyPath: m_LocalEulerAnglesHint.y
      value: 0
      objectReference: {fileID: 0}
    - target: {fileID: 519938151996300674, guid: b71d743b2605d484c9c7890ca68e255d, type: 3}
      propertyPath: m_LocalEulerAnglesHint.z
      value: 0
      objectReference: {fileID: 0}
    - target: {fileID: 519938151996300675, guid: b71d743b2605d484c9c7890ca68e255d, type: 3}
      propertyPath: m_Name
      value: topCover
      objectReference: {fileID: 0}
    - target: {fileID: 1098250236705618267, guid: b71d743b2605d484c9c7890ca68e255d, type: 3}
      propertyPath: coverAnimation
      value: CoverSit
      objectReference: {fileID: 0}
    m_RemovedComponents: []
  m_SourcePrefab: {fileID: 100100000, guid: b71d743b2605d484c9c7890ca68e255d, type: 3}
--- !u!4 &4997955706893609603 stripped
Transform:
  m_CorrespondingSourceObject: {fileID: 519938151996300674, guid: b71d743b2605d484c9c7890ca68e255d, type: 3}
  m_PrefabInstance: {fileID: 4786058403492280065}
  m_PrefabAsset: {fileID: 0}
--- !u!1001 &4793107519870650800
PrefabInstance:
  m_ObjectHideFlags: 0
  serializedVersion: 2
  m_Modification:
    m_TransformParent: {fileID: 8332094984424077176}
    m_Modifications:
    - target: {fileID: 591066624498981946, guid: 157a4a50912edff4caeacd104b406867, type: 3}
      propertyPath: m_Offset.y
      value: -0.28649354
      objectReference: {fileID: 0}
    - target: {fileID: 591066624498981946, guid: 157a4a50912edff4caeacd104b406867, type: 3}
      propertyPath: m_SpriteTilingProperty.oldSize.x
      value: 5.64
      objectReference: {fileID: 0}
    - target: {fileID: 591066624498981946, guid: 157a4a50912edff4caeacd104b406867, type: 3}
      propertyPath: m_SpriteTilingProperty.oldSize.y
      value: 6.77
      objectReference: {fileID: 0}
    - target: {fileID: 591066624498981946, guid: 157a4a50912edff4caeacd104b406867, type: 3}
      propertyPath: m_Size.y
      value: 5.607326
      objectReference: {fileID: 0}
    - target: {fileID: 591066624498981946, guid: 157a4a50912edff4caeacd104b406867, type: 3}
      propertyPath: m_Offset.x
      value: 0.07928467
      objectReference: {fileID: 0}
    - target: {fileID: 591066624498981946, guid: 157a4a50912edff4caeacd104b406867, type: 3}
      propertyPath: m_Size.x
      value: 3.3915253
      objectReference: {fileID: 0}
    - target: {fileID: 1953755682489438366, guid: 157a4a50912edff4caeacd104b406867, type: 3}
      propertyPath: m_Sprite
      value: 
      objectReference: {fileID: 21300000, guid: 6053b37cdd8964d40bdb628710725a5a, type: 3}
    - target: {fileID: 1953755682489438366, guid: 157a4a50912edff4caeacd104b406867, type: 3}
      propertyPath: m_SortingLayerID
      value: -1332208547
      objectReference: {fileID: 0}
    - target: {fileID: 1953755682489438366, guid: 157a4a50912edff4caeacd104b406867, type: 3}
      propertyPath: m_SortingLayer
      value: 1
      objectReference: {fileID: 0}
    - target: {fileID: 1953755682489438366, guid: 157a4a50912edff4caeacd104b406867, type: 3}
      propertyPath: m_SortingOrder
      value: 109
      objectReference: {fileID: 0}
    - target: {fileID: 4766575064592363737, guid: 157a4a50912edff4caeacd104b406867, type: 3}
      propertyPath: layerSortingOrder
      value: 110
      objectReference: {fileID: 0}
    - target: {fileID: 4766575064592363737, guid: 157a4a50912edff4caeacd104b406867, type: 3}
      propertyPath: fx.Array.data[0]
      value: 
      objectReference: {fileID: 4230173638489732945, guid: 6ddc61e66856865489439cb03a688454, type: 3}
    - target: {fileID: 7236471645864910181, guid: 157a4a50912edff4caeacd104b406867, type: 3}
      propertyPath: m_LocalPosition.x
      value: -0.11999512
      objectReference: {fileID: 0}
    - target: {fileID: 7236471645864910181, guid: 157a4a50912edff4caeacd104b406867, type: 3}
      propertyPath: m_LocalPosition.y
      value: 4.15
      objectReference: {fileID: 0}
    - target: {fileID: 7236471645864910181, guid: 157a4a50912edff4caeacd104b406867, type: 3}
      propertyPath: m_LocalPosition.z
      value: 0
      objectReference: {fileID: 0}
    - target: {fileID: 7236471645864910181, guid: 157a4a50912edff4caeacd104b406867, type: 3}
      propertyPath: m_LocalRotation.x
      value: -0
      objectReference: {fileID: 0}
    - target: {fileID: 7236471645864910181, guid: 157a4a50912edff4caeacd104b406867, type: 3}
      propertyPath: m_LocalRotation.y
      value: -0
      objectReference: {fileID: 0}
    - target: {fileID: 7236471645864910181, guid: 157a4a50912edff4caeacd104b406867, type: 3}
      propertyPath: m_LocalRotation.z
      value: -0
      objectReference: {fileID: 0}
    - target: {fileID: 7236471645864910181, guid: 157a4a50912edff4caeacd104b406867, type: 3}
      propertyPath: m_LocalRotation.w
      value: 1
      objectReference: {fileID: 0}
    - target: {fileID: 7236471645864910181, guid: 157a4a50912edff4caeacd104b406867, type: 3}
      propertyPath: m_RootOrder
      value: 3
      objectReference: {fileID: 0}
    - target: {fileID: 7236471645864910181, guid: 157a4a50912edff4caeacd104b406867, type: 3}
      propertyPath: m_LocalEulerAnglesHint.x
      value: 0
      objectReference: {fileID: 0}
    - target: {fileID: 7236471645864910181, guid: 157a4a50912edff4caeacd104b406867, type: 3}
      propertyPath: m_LocalEulerAnglesHint.y
      value: 0
      objectReference: {fileID: 0}
    - target: {fileID: 7236471645864910181, guid: 157a4a50912edff4caeacd104b406867, type: 3}
      propertyPath: m_LocalEulerAnglesHint.z
      value: 0
      objectReference: {fileID: 0}
    - target: {fileID: 7577202939885530264, guid: 157a4a50912edff4caeacd104b406867, type: 3}
      propertyPath: m_Name
      value: item (21)
      objectReference: {fileID: 0}
    m_RemovedComponents: []
  m_SourcePrefab: {fileID: 100100000, guid: 157a4a50912edff4caeacd104b406867, type: 3}
--- !u!4 &2803936602333779157 stripped
Transform:
  m_CorrespondingSourceObject: {fileID: 7236471645864910181, guid: 157a4a50912edff4caeacd104b406867, type: 3}
  m_PrefabInstance: {fileID: 4793107519870650800}
  m_PrefabAsset: {fileID: 0}
--- !u!1001 &4865224403579461449
PrefabInstance:
  m_ObjectHideFlags: 0
  serializedVersion: 2
  m_Modification:
    m_TransformParent: {fileID: 8332094984424077176}
    m_Modifications:
    - target: {fileID: 591066624498981946, guid: 157a4a50912edff4caeacd104b406867, type: 3}
      propertyPath: m_Offset.y
      value: -0.28649354
      objectReference: {fileID: 0}
    - target: {fileID: 591066624498981946, guid: 157a4a50912edff4caeacd104b406867, type: 3}
      propertyPath: m_SpriteTilingProperty.oldSize.x
      value: 5.64
      objectReference: {fileID: 0}
    - target: {fileID: 591066624498981946, guid: 157a4a50912edff4caeacd104b406867, type: 3}
      propertyPath: m_SpriteTilingProperty.oldSize.y
      value: 6.77
      objectReference: {fileID: 0}
    - target: {fileID: 591066624498981946, guid: 157a4a50912edff4caeacd104b406867, type: 3}
      propertyPath: m_Size.y
      value: 5.607326
      objectReference: {fileID: 0}
    - target: {fileID: 591066624498981946, guid: 157a4a50912edff4caeacd104b406867, type: 3}
      propertyPath: m_Offset.x
      value: 0.07928467
      objectReference: {fileID: 0}
    - target: {fileID: 591066624498981946, guid: 157a4a50912edff4caeacd104b406867, type: 3}
      propertyPath: m_Size.x
      value: 3.3915253
      objectReference: {fileID: 0}
    - target: {fileID: 1953755682489438366, guid: 157a4a50912edff4caeacd104b406867, type: 3}
      propertyPath: m_Sprite
      value: 
      objectReference: {fileID: 21300000, guid: 6053b37cdd8964d40bdb628710725a5a, type: 3}
    - target: {fileID: 1953755682489438366, guid: 157a4a50912edff4caeacd104b406867, type: 3}
      propertyPath: m_SortingLayerID
      value: -1332208547
      objectReference: {fileID: 0}
    - target: {fileID: 1953755682489438366, guid: 157a4a50912edff4caeacd104b406867, type: 3}
      propertyPath: m_SortingLayer
      value: 1
      objectReference: {fileID: 0}
    - target: {fileID: 1953755682489438366, guid: 157a4a50912edff4caeacd104b406867, type: 3}
      propertyPath: m_SortingOrder
      value: 110
      objectReference: {fileID: 0}
    - target: {fileID: 4766575064592363737, guid: 157a4a50912edff4caeacd104b406867, type: 3}
      propertyPath: layerSortingOrder
      value: 111
      objectReference: {fileID: 0}
    - target: {fileID: 4766575064592363737, guid: 157a4a50912edff4caeacd104b406867, type: 3}
      propertyPath: fx.Array.data[0]
      value: 
      objectReference: {fileID: 4230173638489732945, guid: 6ddc61e66856865489439cb03a688454, type: 3}
    - target: {fileID: 7236471645864910181, guid: 157a4a50912edff4caeacd104b406867, type: 3}
      propertyPath: m_LocalPosition.x
      value: -3.4199982
      objectReference: {fileID: 0}
    - target: {fileID: 7236471645864910181, guid: 157a4a50912edff4caeacd104b406867, type: 3}
      propertyPath: m_LocalPosition.y
      value: 4.15
      objectReference: {fileID: 0}
    - target: {fileID: 7236471645864910181, guid: 157a4a50912edff4caeacd104b406867, type: 3}
      propertyPath: m_LocalPosition.z
      value: 0
      objectReference: {fileID: 0}
    - target: {fileID: 7236471645864910181, guid: 157a4a50912edff4caeacd104b406867, type: 3}
      propertyPath: m_LocalRotation.x
      value: -0
      objectReference: {fileID: 0}
    - target: {fileID: 7236471645864910181, guid: 157a4a50912edff4caeacd104b406867, type: 3}
      propertyPath: m_LocalRotation.y
      value: -0
      objectReference: {fileID: 0}
    - target: {fileID: 7236471645864910181, guid: 157a4a50912edff4caeacd104b406867, type: 3}
      propertyPath: m_LocalRotation.z
      value: -0
      objectReference: {fileID: 0}
    - target: {fileID: 7236471645864910181, guid: 157a4a50912edff4caeacd104b406867, type: 3}
      propertyPath: m_LocalRotation.w
      value: 1
      objectReference: {fileID: 0}
    - target: {fileID: 7236471645864910181, guid: 157a4a50912edff4caeacd104b406867, type: 3}
      propertyPath: m_RootOrder
      value: 0
      objectReference: {fileID: 0}
    - target: {fileID: 7236471645864910181, guid: 157a4a50912edff4caeacd104b406867, type: 3}
      propertyPath: m_LocalEulerAnglesHint.x
      value: 0
      objectReference: {fileID: 0}
    - target: {fileID: 7236471645864910181, guid: 157a4a50912edff4caeacd104b406867, type: 3}
      propertyPath: m_LocalEulerAnglesHint.y
      value: 0
      objectReference: {fileID: 0}
    - target: {fileID: 7236471645864910181, guid: 157a4a50912edff4caeacd104b406867, type: 3}
      propertyPath: m_LocalEulerAnglesHint.z
      value: 0
      objectReference: {fileID: 0}
    - target: {fileID: 7577202939885530264, guid: 157a4a50912edff4caeacd104b406867, type: 3}
      propertyPath: m_Name
      value: item (20)
      objectReference: {fileID: 0}
    m_RemovedComponents: []
  m_SourcePrefab: {fileID: 100100000, guid: 157a4a50912edff4caeacd104b406867, type: 3}
--- !u!4 &2876009394353242668 stripped
Transform:
  m_CorrespondingSourceObject: {fileID: 7236471645864910181, guid: 157a4a50912edff4caeacd104b406867, type: 3}
  m_PrefabInstance: {fileID: 4865224403579461449}
  m_PrefabAsset: {fileID: 0}
--- !u!1001 &5928276490300393110
PrefabInstance:
  m_ObjectHideFlags: 0
  serializedVersion: 2
  m_Modification:
    m_TransformParent: {fileID: 8332094984424077176}
    m_Modifications:
    - target: {fileID: 591066624498981946, guid: 157a4a50912edff4caeacd104b406867, type: 3}
      propertyPath: m_Offset.y
      value: -0.3770373
      objectReference: {fileID: 0}
    - target: {fileID: 591066624498981946, guid: 157a4a50912edff4caeacd104b406867, type: 3}
      propertyPath: m_SpriteTilingProperty.oldSize.x
      value: 4.33
      objectReference: {fileID: 0}
    - target: {fileID: 591066624498981946, guid: 157a4a50912edff4caeacd104b406867, type: 3}
      propertyPath: m_SpriteTilingProperty.oldSize.y
      value: 7.55
      objectReference: {fileID: 0}
    - target: {fileID: 591066624498981946, guid: 157a4a50912edff4caeacd104b406867, type: 3}
      propertyPath: m_Size.y
      value: 6.512752
      objectReference: {fileID: 0}
    - target: {fileID: 591066624498981946, guid: 157a4a50912edff4caeacd104b406867, type: 3}
      propertyPath: m_Offset.x
      value: 0.0663414
      objectReference: {fileID: 0}
    - target: {fileID: 591066624498981946, guid: 157a4a50912edff4caeacd104b406867, type: 3}
      propertyPath: m_Size.x
      value: 3.6243362
      objectReference: {fileID: 0}
    - target: {fileID: 1953755682489438366, guid: 157a4a50912edff4caeacd104b406867, type: 3}
      propertyPath: m_Sprite
      value: 
      objectReference: {fileID: 21300000, guid: 7a72680091da0b640a94b77124f26b01, type: 3}
    - target: {fileID: 1953755682489438366, guid: 157a4a50912edff4caeacd104b406867, type: 3}
      propertyPath: m_SortingLayerID
      value: -1332208547
      objectReference: {fileID: 0}
    - target: {fileID: 1953755682489438366, guid: 157a4a50912edff4caeacd104b406867, type: 3}
      propertyPath: m_SortingLayer
      value: 1
      objectReference: {fileID: 0}
    - target: {fileID: 1953755682489438366, guid: 157a4a50912edff4caeacd104b406867, type: 3}
      propertyPath: m_SortingOrder
      value: 108
      objectReference: {fileID: 0}
    - target: {fileID: 4766575064592363737, guid: 157a4a50912edff4caeacd104b406867, type: 3}
      propertyPath: layerSortingOrder
      value: 109
      objectReference: {fileID: 0}
    - target: {fileID: 4766575064592363737, guid: 157a4a50912edff4caeacd104b406867, type: 3}
      propertyPath: fx.Array.data[0]
      value: 
      objectReference: {fileID: 4230173638489732945, guid: 6037c4ed50408a9458b1b5d4186e800b, type: 3}
    - target: {fileID: 7236471645864910181, guid: 157a4a50912edff4caeacd104b406867, type: 3}
      propertyPath: m_LocalPosition.x
      value: 3.949997
      objectReference: {fileID: 0}
    - target: {fileID: 7236471645864910181, guid: 157a4a50912edff4caeacd104b406867, type: 3}
      propertyPath: m_LocalPosition.y
      value: 5.09
      objectReference: {fileID: 0}
    - target: {fileID: 7236471645864910181, guid: 157a4a50912edff4caeacd104b406867, type: 3}
      propertyPath: m_LocalPosition.z
      value: 0
      objectReference: {fileID: 0}
    - target: {fileID: 7236471645864910181, guid: 157a4a50912edff4caeacd104b406867, type: 3}
      propertyPath: m_LocalRotation.x
      value: -0
      objectReference: {fileID: 0}
    - target: {fileID: 7236471645864910181, guid: 157a4a50912edff4caeacd104b406867, type: 3}
      propertyPath: m_LocalRotation.y
      value: -0
      objectReference: {fileID: 0}
    - target: {fileID: 7236471645864910181, guid: 157a4a50912edff4caeacd104b406867, type: 3}
      propertyPath: m_LocalRotation.z
      value: -0
      objectReference: {fileID: 0}
    - target: {fileID: 7236471645864910181, guid: 157a4a50912edff4caeacd104b406867, type: 3}
      propertyPath: m_LocalRotation.w
      value: 1
      objectReference: {fileID: 0}
    - target: {fileID: 7236471645864910181, guid: 157a4a50912edff4caeacd104b406867, type: 3}
      propertyPath: m_RootOrder
      value: 1
      objectReference: {fileID: 0}
    - target: {fileID: 7236471645864910181, guid: 157a4a50912edff4caeacd104b406867, type: 3}
      propertyPath: m_LocalEulerAnglesHint.x
      value: 0
      objectReference: {fileID: 0}
    - target: {fileID: 7236471645864910181, guid: 157a4a50912edff4caeacd104b406867, type: 3}
      propertyPath: m_LocalEulerAnglesHint.y
      value: 0
      objectReference: {fileID: 0}
    - target: {fileID: 7236471645864910181, guid: 157a4a50912edff4caeacd104b406867, type: 3}
      propertyPath: m_LocalEulerAnglesHint.z
      value: 0
      objectReference: {fileID: 0}
    - target: {fileID: 7577202939885530264, guid: 157a4a50912edff4caeacd104b406867, type: 3}
      propertyPath: m_Name
      value: item (22)
      objectReference: {fileID: 0}
    m_RemovedComponents: []
  m_SourcePrefab: {fileID: 100100000, guid: 157a4a50912edff4caeacd104b406867, type: 3}
--- !u!4 &3902479654947216371 stripped
Transform:
  m_CorrespondingSourceObject: {fileID: 7236471645864910181, guid: 157a4a50912edff4caeacd104b406867, type: 3}
  m_PrefabInstance: {fileID: 5928276490300393110}
  m_PrefabAsset: {fileID: 0}
--- !u!1001 &6580585603452032076
PrefabInstance:
  m_ObjectHideFlags: 0
  serializedVersion: 2
  m_Modification:
    m_TransformParent: {fileID: 8332094984424077176}
    m_Modifications:
    - target: {fileID: 1467458858315482898, guid: 982ad48a1ea510c469372dc0493ef07a, type: 3}
      propertyPath: m_Name
      value: item_phisics (8)
      objectReference: {fileID: 0}
    - target: {fileID: 1808137508924421871, guid: 982ad48a1ea510c469372dc0493ef07a, type: 3}
      propertyPath: m_LocalPosition.x
      value: -3.649994
      objectReference: {fileID: 0}
    - target: {fileID: 1808137508924421871, guid: 982ad48a1ea510c469372dc0493ef07a, type: 3}
      propertyPath: m_LocalPosition.y
      value: 7.57
      objectReference: {fileID: 0}
    - target: {fileID: 1808137508924421871, guid: 982ad48a1ea510c469372dc0493ef07a, type: 3}
      propertyPath: m_LocalPosition.z
      value: 0
      objectReference: {fileID: 0}
    - target: {fileID: 1808137508924421871, guid: 982ad48a1ea510c469372dc0493ef07a, type: 3}
      propertyPath: m_LocalRotation.x
      value: -0
      objectReference: {fileID: 0}
    - target: {fileID: 1808137508924421871, guid: 982ad48a1ea510c469372dc0493ef07a, type: 3}
      propertyPath: m_LocalRotation.y
      value: -0
      objectReference: {fileID: 0}
    - target: {fileID: 1808137508924421871, guid: 982ad48a1ea510c469372dc0493ef07a, type: 3}
      propertyPath: m_LocalRotation.z
      value: -0
      objectReference: {fileID: 0}
    - target: {fileID: 1808137508924421871, guid: 982ad48a1ea510c469372dc0493ef07a, type: 3}
      propertyPath: m_LocalRotation.w
      value: 1
      objectReference: {fileID: 0}
    - target: {fileID: 1808137508924421871, guid: 982ad48a1ea510c469372dc0493ef07a, type: 3}
      propertyPath: m_RootOrder
      value: 5
      objectReference: {fileID: 0}
    - target: {fileID: 1808137508924421871, guid: 982ad48a1ea510c469372dc0493ef07a, type: 3}
      propertyPath: m_LocalEulerAnglesHint.x
      value: 0
      objectReference: {fileID: 0}
    - target: {fileID: 1808137508924421871, guid: 982ad48a1ea510c469372dc0493ef07a, type: 3}
      propertyPath: m_LocalEulerAnglesHint.y
      value: 0
      objectReference: {fileID: 0}
    - target: {fileID: 1808137508924421871, guid: 982ad48a1ea510c469372dc0493ef07a, type: 3}
      propertyPath: m_LocalEulerAnglesHint.z
      value: 0
      objectReference: {fileID: 0}
    - target: {fileID: 2624718922426506853, guid: 982ad48a1ea510c469372dc0493ef07a, type: 3}
      propertyPath: m_Mass
      value: 500
      objectReference: {fileID: 0}
    - target: {fileID: 6962764224025498906, guid: 982ad48a1ea510c469372dc0493ef07a, type: 3}
      propertyPath: layerSortingOrder
      value: 116
      objectReference: {fileID: 0}
    - target: {fileID: 6962764224025498906, guid: 982ad48a1ea510c469372dc0493ef07a, type: 3}
      propertyPath: fx.Array.data[0]
      value: 
      objectReference: {fileID: 4230173638489732945, guid: 6037c4ed50408a9458b1b5d4186e800b, type: 3}
    - target: {fileID: 7379136522054155028, guid: 982ad48a1ea510c469372dc0493ef07a, type: 3}
      propertyPath: m_Sprite
      value: 
      objectReference: {fileID: 4818489709235286705, guid: 4b399db1087529444ae26ee5aa3dec4f, type: 3}
    - target: {fileID: 7379136522054155028, guid: 982ad48a1ea510c469372dc0493ef07a, type: 3}
      propertyPath: m_SortingOrder
      value: 115
      objectReference: {fileID: 0}
    - target: {fileID: 8451343442907297712, guid: 982ad48a1ea510c469372dc0493ef07a, type: 3}
      propertyPath: m_Offset.y
      value: -0.18452454
      objectReference: {fileID: 0}
    - target: {fileID: 8451343442907297712, guid: 982ad48a1ea510c469372dc0493ef07a, type: 3}
      propertyPath: m_SpriteTilingProperty.oldSize.x
      value: 0.86
      objectReference: {fileID: 0}
    - target: {fileID: 8451343442907297712, guid: 982ad48a1ea510c469372dc0493ef07a, type: 3}
      propertyPath: m_SpriteTilingProperty.oldSize.y
      value: 1.63
      objectReference: {fileID: 0}
    - target: {fileID: 8451343442907297712, guid: 982ad48a1ea510c469372dc0493ef07a, type: 3}
      propertyPath: m_Size.y
      value: 1.3514328
      objectReference: {fileID: 0}
    - target: {fileID: 8451343442907297712, guid: 982ad48a1ea510c469372dc0493ef07a, type: 3}
      propertyPath: m_Offset.x
      value: 0.011024475
      objectReference: {fileID: 0}
    - target: {fileID: 8451343442907297712, guid: 982ad48a1ea510c469372dc0493ef07a, type: 3}
      propertyPath: m_Size.x
      value: 0.54914856
      objectReference: {fileID: 0}
    m_RemovedComponents: []
  m_SourcePrefab: {fileID: 100100000, guid: 982ad48a1ea510c469372dc0493ef07a, type: 3}
--- !u!4 &4775263394191188643 stripped
Transform:
  m_CorrespondingSourceObject: {fileID: 1808137508924421871, guid: 982ad48a1ea510c469372dc0493ef07a, type: 3}
  m_PrefabInstance: {fileID: 6580585603452032076}
  m_PrefabAsset: {fileID: 0}
--- !u!1001 &8020819705877181154
PrefabInstance:
  m_ObjectHideFlags: 0
  serializedVersion: 2
  m_Modification:
    m_TransformParent: {fileID: 8332094984424077176}
    m_Modifications:
    - target: {fileID: 1467458858315482898, guid: 982ad48a1ea510c469372dc0493ef07a, type: 3}
      propertyPath: m_Name
      value: item_phisics (9)
      objectReference: {fileID: 0}
    - target: {fileID: 1808137508924421871, guid: 982ad48a1ea510c469372dc0493ef07a, type: 3}
      propertyPath: m_LocalPosition.x
      value: -2.7999954
      objectReference: {fileID: 0}
    - target: {fileID: 1808137508924421871, guid: 982ad48a1ea510c469372dc0493ef07a, type: 3}
      propertyPath: m_LocalPosition.y
      value: 7.85
      objectReference: {fileID: 0}
    - target: {fileID: 1808137508924421871, guid: 982ad48a1ea510c469372dc0493ef07a, type: 3}
      propertyPath: m_LocalPosition.z
      value: 0
      objectReference: {fileID: 0}
    - target: {fileID: 1808137508924421871, guid: 982ad48a1ea510c469372dc0493ef07a, type: 3}
      propertyPath: m_LocalRotation.x
      value: -0
      objectReference: {fileID: 0}
    - target: {fileID: 1808137508924421871, guid: 982ad48a1ea510c469372dc0493ef07a, type: 3}
      propertyPath: m_LocalRotation.y
      value: -0
      objectReference: {fileID: 0}
    - target: {fileID: 1808137508924421871, guid: 982ad48a1ea510c469372dc0493ef07a, type: 3}
      propertyPath: m_LocalRotation.z
      value: -0
      objectReference: {fileID: 0}
    - target: {fileID: 1808137508924421871, guid: 982ad48a1ea510c469372dc0493ef07a, type: 3}
      propertyPath: m_LocalRotation.w
      value: 1
      objectReference: {fileID: 0}
    - target: {fileID: 1808137508924421871, guid: 982ad48a1ea510c469372dc0493ef07a, type: 3}
      propertyPath: m_RootOrder
      value: 6
      objectReference: {fileID: 0}
    - target: {fileID: 1808137508924421871, guid: 982ad48a1ea510c469372dc0493ef07a, type: 3}
      propertyPath: m_LocalEulerAnglesHint.x
      value: 0
      objectReference: {fileID: 0}
    - target: {fileID: 1808137508924421871, guid: 982ad48a1ea510c469372dc0493ef07a, type: 3}
      propertyPath: m_LocalEulerAnglesHint.y
      value: 0
      objectReference: {fileID: 0}
    - target: {fileID: 1808137508924421871, guid: 982ad48a1ea510c469372dc0493ef07a, type: 3}
      propertyPath: m_LocalEulerAnglesHint.z
      value: 0
      objectReference: {fileID: 0}
    - target: {fileID: 2624718922426506853, guid: 982ad48a1ea510c469372dc0493ef07a, type: 3}
      propertyPath: m_Mass
      value: 500
      objectReference: {fileID: 0}
    - target: {fileID: 6962764224025498906, guid: 982ad48a1ea510c469372dc0493ef07a, type: 3}
      propertyPath: layerSortingOrder
      value: 116
      objectReference: {fileID: 0}
    - target: {fileID: 6962764224025498906, guid: 982ad48a1ea510c469372dc0493ef07a, type: 3}
      propertyPath: fx.Array.data[0]
      value: 
      objectReference: {fileID: 4230173638489732945, guid: 6037c4ed50408a9458b1b5d4186e800b, type: 3}
    - target: {fileID: 7379136522054155028, guid: 982ad48a1ea510c469372dc0493ef07a, type: 3}
      propertyPath: m_Sprite
      value: 
      objectReference: {fileID: 4818489709235286705, guid: 4b399db1087529444ae26ee5aa3dec4f, type: 3}
    - target: {fileID: 7379136522054155028, guid: 982ad48a1ea510c469372dc0493ef07a, type: 3}
      propertyPath: m_SortingOrder
      value: 115
      objectReference: {fileID: 0}
    - target: {fileID: 8451343442907297712, guid: 982ad48a1ea510c469372dc0493ef07a, type: 3}
      propertyPath: m_Offset.y
      value: -0.32189965
      objectReference: {fileID: 0}
    - target: {fileID: 8451343442907297712, guid: 982ad48a1ea510c469372dc0493ef07a, type: 3}
      propertyPath: m_SpriteTilingProperty.oldSize.x
      value: 0.86
      objectReference: {fileID: 0}
    - target: {fileID: 8451343442907297712, guid: 982ad48a1ea510c469372dc0493ef07a, type: 3}
      propertyPath: m_SpriteTilingProperty.oldSize.y
      value: 1.63
      objectReference: {fileID: 0}
    - target: {fileID: 8451343442907297712, guid: 982ad48a1ea510c469372dc0493ef07a, type: 3}
      propertyPath: m_Size.y
      value: 1.626183
      objectReference: {fileID: 0}
    - target: {fileID: 8451343442907297712, guid: 982ad48a1ea510c469372dc0493ef07a, type: 3}
      propertyPath: m_Offset.x
      value: 0.011024475
      objectReference: {fileID: 0}
    - target: {fileID: 8451343442907297712, guid: 982ad48a1ea510c469372dc0493ef07a, type: 3}
      propertyPath: m_Size.x
      value: 0.54914856
      objectReference: {fileID: 0}
    m_RemovedComponents: []
  m_SourcePrefab: {fileID: 100100000, guid: 982ad48a1ea510c469372dc0493ef07a, type: 3}
--- !u!4 &8527678571890394125 stripped
Transform:
  m_CorrespondingSourceObject: {fileID: 1808137508924421871, guid: 982ad48a1ea510c469372dc0493ef07a, type: 3}
  m_PrefabInstance: {fileID: 8020819705877181154}
  m_PrefabAsset: {fileID: 0}
--- !u!1001 &8516765070576921632
PrefabInstance:
  m_ObjectHideFlags: 0
  serializedVersion: 2
  m_Modification:
    m_TransformParent: {fileID: 8332094984424077176}
    m_Modifications:
    - target: {fileID: 519938151996300674, guid: 3a7f48dbd9d31d64ba88177c80bf4e30, type: 3}
      propertyPath: m_LocalPosition.x
      value: 8.380005
      objectReference: {fileID: 0}
    - target: {fileID: 519938151996300674, guid: 3a7f48dbd9d31d64ba88177c80bf4e30, type: 3}
      propertyPath: m_LocalPosition.y
      value: 6.71
      objectReference: {fileID: 0}
    - target: {fileID: 519938151996300674, guid: 3a7f48dbd9d31d64ba88177c80bf4e30, type: 3}
      propertyPath: m_LocalPosition.z
      value: 0
      objectReference: {fileID: 0}
    - target: {fileID: 519938151996300674, guid: 3a7f48dbd9d31d64ba88177c80bf4e30, type: 3}
      propertyPath: m_LocalRotation.x
      value: -0
      objectReference: {fileID: 0}
    - target: {fileID: 519938151996300674, guid: 3a7f48dbd9d31d64ba88177c80bf4e30, type: 3}
      propertyPath: m_LocalRotation.y
      value: -0
      objectReference: {fileID: 0}
    - target: {fileID: 519938151996300674, guid: 3a7f48dbd9d31d64ba88177c80bf4e30, type: 3}
      propertyPath: m_LocalRotation.z
      value: -0
      objectReference: {fileID: 0}
    - target: {fileID: 519938151996300674, guid: 3a7f48dbd9d31d64ba88177c80bf4e30, type: 3}
      propertyPath: m_LocalRotation.w
      value: 1
      objectReference: {fileID: 0}
    - target: {fileID: 519938151996300674, guid: 3a7f48dbd9d31d64ba88177c80bf4e30, type: 3}
      propertyPath: m_RootOrder
      value: 7
      objectReference: {fileID: 0}
    - target: {fileID: 519938151996300674, guid: 3a7f48dbd9d31d64ba88177c80bf4e30, type: 3}
      propertyPath: m_LocalEulerAnglesHint.x
      value: 0
      objectReference: {fileID: 0}
    - target: {fileID: 519938151996300674, guid: 3a7f48dbd9d31d64ba88177c80bf4e30, type: 3}
      propertyPath: m_LocalEulerAnglesHint.y
      value: 0
      objectReference: {fileID: 0}
    - target: {fileID: 519938151996300674, guid: 3a7f48dbd9d31d64ba88177c80bf4e30, type: 3}
      propertyPath: m_LocalEulerAnglesHint.z
      value: 0
      objectReference: {fileID: 0}
    - target: {fileID: 519938151996300675, guid: 3a7f48dbd9d31d64ba88177c80bf4e30, type: 3}
      propertyPath: m_Name
      value: topCover_rev
      objectReference: {fileID: 0}
    - target: {fileID: 1098250236705618267, guid: 3a7f48dbd9d31d64ba88177c80bf4e30, type: 3}
      propertyPath: coverAnimation
      value: CoverSit
      objectReference: {fileID: 0}
    m_RemovedComponents: []
  m_SourcePrefab: {fileID: 100100000, guid: 3a7f48dbd9d31d64ba88177c80bf4e30, type: 3}
--- !u!4 &8144355630859727266 stripped
Transform:
  m_CorrespondingSourceObject: {fileID: 519938151996300674, guid: 3a7f48dbd9d31d64ba88177c80bf4e30, type: 3}
  m_PrefabInstance: {fileID: 8516765070576921632}
  m_PrefabAsset: {fileID: 0}
