%YAML 1.1
%TAG !u! tag:unity3d.com,2011:
--- !u!114 &8155721412563586742
MonoBehaviour:
  m_ObjectHideFlags: 0
  m_CorrespondingSourceObject: {fileID: 0}
  m_PrefabInstance: {fileID: 0}
  m_PrefabAsset: {fileID: 0}
  m_GameObject: {fileID: 1460313737637690427}
  m_Enabled: 1
  m_EditorHideFlags: 0
  m_Script: {fileID: 11500000, guid: 43886320c50f3524cbfc3a9b1e8bb9c3, type: 3}
  m_Name: 
  m_EditorClassIdentifier: 
  imgs:
  - {fileID: 21300000, guid: 417e7957bd792214caa65ed31c4edfd8, type: 3}
  - {fileID: 21300000, guid: 6699092701f39634bbe4d8a4367b66d3, type: 3}
  - {fileID: 21300000, guid: 3beb9428c0bbe0d48a4baa15d38ac1ff, type: 3}
--- !u!1 &3492749573384108457
GameObject:
  m_ObjectHideFlags: 0
  m_CorrespondingSourceObject: {fileID: 0}
  m_PrefabInstance: {fileID: 0}
  m_PrefabAsset: {fileID: 0}
  serializedVersion: 6
  m_Component:
  - component: {fileID: 7952765480203522874}
  m_Layer: 0
  m_Name: x3_17
  m_TagString: Untagged
  m_Icon: {fileID: 0}
  m_NavMeshLayer: 0
  m_StaticEditorFlags: 0
  m_IsActive: 1
--- !u!4 &7952765480203522874
Transform:
  m_ObjectHideFlags: 0
  m_CorrespondingSourceObject: {fileID: 0}
  m_PrefabInstance: {fileID: 0}
  m_PrefabAsset: {fileID: 0}
  m_GameObject: {fileID: 3492749573384108457}
  m_LocalRotation: {x: -0, y: -0, z: -0, w: 1}
  m_LocalPosition: {x: 0, y: 0, z: 0}
  m_LocalScale: {x: 1, y: 1, z: 1}
  m_Children:
  - {fileID: 1980612162154949614}
  - {fileID: 981019581717813315}
  - {fileID: 3936838526242681831}
  - {fileID: 1805572820543901126}
  - {fileID: 2847681744986301292}
  - {fileID: 4902369555461639801}
  - {fileID: 3239319159344349529}
  - {fileID: 2361872803550802581}
  - {fileID: 1108888919823226960}
  - {fileID: 7457588062678928855}
  - {fileID: 5507602457933086804}
  - {fileID: 3650091415013028657}
  m_Father: {fileID: 0}
  m_RootOrder: 0
  m_LocalEulerAnglesHint: {x: 0, y: 0, z: 0}
--- !u!1001 &768559599335212481
PrefabInstance:
  m_ObjectHideFlags: 0
  serializedVersion: 2
  m_Modification:
    m_TransformParent: {fileID: 7952765480203522874}
    m_Modifications:
    - target: {fileID: 519938151996300674, guid: b71d743b2605d484c9c7890ca68e255d, type: 3}
      propertyPath: m_LocalPosition.x
      value: -10.5099945
      objectReference: {fileID: 0}
    - target: {fileID: 519938151996300674, guid: b71d743b2605d484c9c7890ca68e255d, type: 3}
      propertyPath: m_LocalPosition.y
      value: 6.57
      objectReference: {fileID: 0}
    - target: {fileID: 519938151996300674, guid: b71d743b2605d484c9c7890ca68e255d, type: 3}
      propertyPath: m_LocalPosition.z
      value: 0
      objectReference: {fileID: 0}
    - target: {fileID: 519938151996300674, guid: b71d743b2605d484c9c7890ca68e255d, type: 3}
      propertyPath: m_LocalRotation.x
      value: -0
      objectReference: {fileID: 0}
    - target: {fileID: 519938151996300674, guid: b71d743b2605d484c9c7890ca68e255d, type: 3}
      propertyPath: m_LocalRotation.y
      value: -0
      objectReference: {fileID: 0}
    - target: {fileID: 519938151996300674, guid: b71d743b2605d484c9c7890ca68e255d, type: 3}
      propertyPath: m_LocalRotation.z
      value: -0
      objectReference: {fileID: 0}
    - target: {fileID: 519938151996300674, guid: b71d743b2605d484c9c7890ca68e255d, type: 3}
      propertyPath: m_LocalRotation.w
      value: 1
      objectReference: {fileID: 0}
    - target: {fileID: 519938151996300674, guid: b71d743b2605d484c9c7890ca68e255d, type: 3}
      propertyPath: m_RootOrder
      value: 1
      objectReference: {fileID: 0}
    - target: {fileID: 519938151996300674, guid: b71d743b2605d484c9c7890ca68e255d, type: 3}
      propertyPath: m_LocalEulerAnglesHint.x
      value: 0
      objectReference: {fileID: 0}
    - target: {fileID: 519938151996300674, guid: b71d743b2605d484c9c7890ca68e255d, type: 3}
      propertyPath: m_LocalEulerAnglesHint.y
      value: 0
      objectReference: {fileID: 0}
    - target: {fileID: 519938151996300674, guid: b71d743b2605d484c9c7890ca68e255d, type: 3}
      propertyPath: m_LocalEulerAnglesHint.z
      value: 0
      objectReference: {fileID: 0}
    - target: {fileID: 519938151996300675, guid: b71d743b2605d484c9c7890ca68e255d, type: 3}
      propertyPath: m_Name
      value: topCover (2)
      objectReference: {fileID: 0}
    - target: {fileID: 1098250236705618267, guid: b71d743b2605d484c9c7890ca68e255d, type: 3}
      propertyPath: coverAnimation
      value: CoverStand
      objectReference: {fileID: 0}
    m_RemovedComponents: []
  m_SourcePrefab: {fileID: 100100000, guid: b71d743b2605d484c9c7890ca68e255d, type: 3}
--- !u!4 &981019581717813315 stripped
Transform:
  m_CorrespondingSourceObject: {fileID: 519938151996300674, guid: b71d743b2605d484c9c7890ca68e255d, type: 3}
  m_PrefabInstance: {fileID: 768559599335212481}
  m_PrefabAsset: {fileID: 0}
--- !u!1001 &2334460806073013020
PrefabInstance:
  m_ObjectHideFlags: 0
  serializedVersion: 2
  m_Modification:
    m_TransformParent: {fileID: 7952765480203522874}
    m_Modifications:
    - target: {fileID: 591066624498981946, guid: 157a4a50912edff4caeacd104b406867, type: 3}
      propertyPath: m_Offset.y
      value: -0.1891613
      objectReference: {fileID: 0}
    - target: {fileID: 591066624498981946, guid: 157a4a50912edff4caeacd104b406867, type: 3}
      propertyPath: m_SpriteTilingProperty.oldSize.x
      value: 8.15
      objectReference: {fileID: 0}
    - target: {fileID: 591066624498981946, guid: 157a4a50912edff4caeacd104b406867, type: 3}
      propertyPath: m_SpriteTilingProperty.oldSize.y
      value: 4.42
      objectReference: {fileID: 0}
    - target: {fileID: 591066624498981946, guid: 157a4a50912edff4caeacd104b406867, type: 3}
      propertyPath: m_Size.y
      value: 3.6822014
      objectReference: {fileID: 0}
    - target: {fileID: 591066624498981946, guid: 157a4a50912edff4caeacd104b406867, type: 3}
      propertyPath: m_Offset.x
      value: 0.1247406
      objectReference: {fileID: 0}
    - target: {fileID: 591066624498981946, guid: 157a4a50912edff4caeacd104b406867, type: 3}
      propertyPath: m_Size.x
      value: 6.8772583
      objectReference: {fileID: 0}
    - target: {fileID: 1953755682489438366, guid: 157a4a50912edff4caeacd104b406867, type: 3}
      propertyPath: m_Sprite
      value: 
      objectReference: {fileID: 21300000, guid: 6d6c7373018c73b4a97f86da9ef12311, type: 3}
    - target: {fileID: 1953755682489438366, guid: 157a4a50912edff4caeacd104b406867, type: 3}
      propertyPath: m_SortingLayerID
      value: -725359351
      objectReference: {fileID: 0}
    - target: {fileID: 1953755682489438366, guid: 157a4a50912edff4caeacd104b406867, type: 3}
      propertyPath: m_SortingLayer
      value: 7
      objectReference: {fileID: 0}
    - target: {fileID: 1953755682489438366, guid: 157a4a50912edff4caeacd104b406867, type: 3}
      propertyPath: m_SortingOrder
      value: 115
      objectReference: {fileID: 0}
    - target: {fileID: 4766575064592363737, guid: 157a4a50912edff4caeacd104b406867, type: 3}
      propertyPath: layerSortingOrder
      value: 116
      objectReference: {fileID: 0}
    - target: {fileID: 4766575064592363737, guid: 157a4a50912edff4caeacd104b406867, type: 3}
      propertyPath: fx.Array.data[0]
      value: 
      objectReference: {fileID: 4230173638489732945, guid: db49728c29e90924aa2080d78033752b, type: 3}
    - target: {fileID: 4766575064592363737, guid: 157a4a50912edff4caeacd104b406867, type: 3}
      propertyPath: layerName
      value: LocationAlwaysTop
      objectReference: {fileID: 0}
    - target: {fileID: 7236471645864910181, guid: 157a4a50912edff4caeacd104b406867, type: 3}
      propertyPath: m_LocalPosition.x
      value: -1.2799988
      objectReference: {fileID: 0}
    - target: {fileID: 7236471645864910181, guid: 157a4a50912edff4caeacd104b406867, type: 3}
      propertyPath: m_LocalPosition.y
      value: -0.27
      objectReference: {fileID: 0}
    - target: {fileID: 7236471645864910181, guid: 157a4a50912edff4caeacd104b406867, type: 3}
      propertyPath: m_LocalPosition.z
      value: 0
      objectReference: {fileID: 0}
    - target: {fileID: 7236471645864910181, guid: 157a4a50912edff4caeacd104b406867, type: 3}
      propertyPath: m_LocalRotation.x
      value: -0
      objectReference: {fileID: 0}
    - target: {fileID: 7236471645864910181, guid: 157a4a50912edff4caeacd104b406867, type: 3}
      propertyPath: m_LocalRotation.y
      value: -0
      objectReference: {fileID: 0}
    - target: {fileID: 7236471645864910181, guid: 157a4a50912edff4caeacd104b406867, type: 3}
      propertyPath: m_LocalRotation.z
      value: -0
      objectReference: {fileID: 0}
    - target: {fileID: 7236471645864910181, guid: 157a4a50912edff4caeacd104b406867, type: 3}
      propertyPath: m_LocalRotation.w
      value: 1
      objectReference: {fileID: 0}
    - target: {fileID: 7236471645864910181, guid: 157a4a50912edff4caeacd104b406867, type: 3}
      propertyPath: m_RootOrder
      value: 5
      objectReference: {fileID: 0}
    - target: {fileID: 7236471645864910181, guid: 157a4a50912edff4caeacd104b406867, type: 3}
      propertyPath: m_LocalEulerAnglesHint.x
      value: 0
      objectReference: {fileID: 0}
    - target: {fileID: 7236471645864910181, guid: 157a4a50912edff4caeacd104b406867, type: 3}
      propertyPath: m_LocalEulerAnglesHint.y
      value: 0
      objectReference: {fileID: 0}
    - target: {fileID: 7236471645864910181, guid: 157a4a50912edff4caeacd104b406867, type: 3}
      propertyPath: m_LocalEulerAnglesHint.z
      value: 0
      objectReference: {fileID: 0}
    - target: {fileID: 7577202939885530264, guid: 157a4a50912edff4caeacd104b406867, type: 3}
      propertyPath: m_Name
      value: item (47)
      objectReference: {fileID: 0}
    - target: {fileID: 7577202939885530264, guid: 157a4a50912edff4caeacd104b406867, type: 3}
      propertyPath: m_Layer
      value: 16
      objectReference: {fileID: 0}
    m_RemovedComponents: []
  m_SourcePrefab: {fileID: 100100000, guid: 157a4a50912edff4caeacd104b406867, type: 3}
--- !u!4 &4902369555461639801 stripped
Transform:
  m_CorrespondingSourceObject: {fileID: 7236471645864910181, guid: 157a4a50912edff4caeacd104b406867, type: 3}
  m_PrefabInstance: {fileID: 2334460806073013020}
  m_PrefabAsset: {fileID: 0}
--- !u!1001 &3148141146869466590
PrefabInstance:
  m_ObjectHideFlags: 0
  serializedVersion: 2
  m_Modification:
    m_TransformParent: {fileID: 7952765480203522874}
    m_Modifications:
    - target: {fileID: 1467458858315482898, guid: 982ad48a1ea510c469372dc0493ef07a, type: 3}
      propertyPath: m_Name
      value: item_phisics (47)
      objectReference: {fileID: 0}
    - target: {fileID: 1467458858315482898, guid: 982ad48a1ea510c469372dc0493ef07a, type: 3}
      propertyPath: m_Layer
      value: 14
      objectReference: {fileID: 0}
    - target: {fileID: 1808137508924421871, guid: 982ad48a1ea510c469372dc0493ef07a, type: 3}
      propertyPath: m_LocalPosition.x
      value: 5.6900024
      objectReference: {fileID: 0}
    - target: {fileID: 1808137508924421871, guid: 982ad48a1ea510c469372dc0493ef07a, type: 3}
      propertyPath: m_LocalPosition.y
      value: 9.23
      objectReference: {fileID: 0}
    - target: {fileID: 1808137508924421871, guid: 982ad48a1ea510c469372dc0493ef07a, type: 3}
      propertyPath: m_LocalPosition.z
      value: 0
      objectReference: {fileID: 0}
    - target: {fileID: 1808137508924421871, guid: 982ad48a1ea510c469372dc0493ef07a, type: 3}
      propertyPath: m_LocalRotation.x
      value: -0
      objectReference: {fileID: 0}
    - target: {fileID: 1808137508924421871, guid: 982ad48a1ea510c469372dc0493ef07a, type: 3}
      propertyPath: m_LocalRotation.y
      value: -0
      objectReference: {fileID: 0}
    - target: {fileID: 1808137508924421871, guid: 982ad48a1ea510c469372dc0493ef07a, type: 3}
      propertyPath: m_LocalRotation.z
      value: -0
      objectReference: {fileID: 0}
    - target: {fileID: 1808137508924421871, guid: 982ad48a1ea510c469372dc0493ef07a, type: 3}
      propertyPath: m_LocalRotation.w
      value: 1
      objectReference: {fileID: 0}
    - target: {fileID: 1808137508924421871, guid: 982ad48a1ea510c469372dc0493ef07a, type: 3}
      propertyPath: m_RootOrder
      value: 11
      objectReference: {fileID: 0}
    - target: {fileID: 1808137508924421871, guid: 982ad48a1ea510c469372dc0493ef07a, type: 3}
      propertyPath: m_LocalEulerAnglesHint.x
      value: 0
      objectReference: {fileID: 0}
    - target: {fileID: 1808137508924421871, guid: 982ad48a1ea510c469372dc0493ef07a, type: 3}
      propertyPath: m_LocalEulerAnglesHint.y
      value: 0
      objectReference: {fileID: 0}
    - target: {fileID: 1808137508924421871, guid: 982ad48a1ea510c469372dc0493ef07a, type: 3}
      propertyPath: m_LocalEulerAnglesHint.z
      value: 0
      objectReference: {fileID: 0}
    - target: {fileID: 2624718922426506853, guid: 982ad48a1ea510c469372dc0493ef07a, type: 3}
      propertyPath: m_Mass
      value: 1200
      objectReference: {fileID: 0}
    - target: {fileID: 6962764224025498906, guid: 982ad48a1ea510c469372dc0493ef07a, type: 3}
      propertyPath: layerSortingOrder
      value: 121
      objectReference: {fileID: 0}
    - target: {fileID: 6962764224025498906, guid: 982ad48a1ea510c469372dc0493ef07a, type: 3}
      propertyPath: fx.Array.data[0]
      value: 
      objectReference: {fileID: 4230173638489732945, guid: 6ddc61e66856865489439cb03a688454, type: 3}
    - target: {fileID: 6962764224025498906, guid: 982ad48a1ea510c469372dc0493ef07a, type: 3}
      propertyPath: layerName
      value: Location
      objectReference: {fileID: 0}
    - target: {fileID: 7379136522054155028, guid: 982ad48a1ea510c469372dc0493ef07a, type: 3}
      propertyPath: m_Sprite
      value: 
      objectReference: {fileID: 4692834932550605214, guid: 4b399db1087529444ae26ee5aa3dec4f, type: 3}
    - target: {fileID: 7379136522054155028, guid: 982ad48a1ea510c469372dc0493ef07a, type: 3}
      propertyPath: m_SortingOrder
      value: 120
      objectReference: {fileID: 0}
    - target: {fileID: 7379136522054155028, guid: 982ad48a1ea510c469372dc0493ef07a, type: 3}
      propertyPath: m_SortingLayerID
      value: -1332208547
      objectReference: {fileID: 0}
    - target: {fileID: 7379136522054155028, guid: 982ad48a1ea510c469372dc0493ef07a, type: 3}
      propertyPath: m_SortingLayer
      value: 1
      objectReference: {fileID: 0}
    - target: {fileID: 7379136522054155028, guid: 982ad48a1ea510c469372dc0493ef07a, type: 3}
      propertyPath: m_FlipX
      value: 0
      objectReference: {fileID: 0}
    - target: {fileID: 8451343442907297712, guid: 982ad48a1ea510c469372dc0493ef07a, type: 3}
      propertyPath: m_Offset.y
      value: -0.0654726
      objectReference: {fileID: 0}
    - target: {fileID: 8451343442907297712, guid: 982ad48a1ea510c469372dc0493ef07a, type: 3}
      propertyPath: m_SpriteTilingProperty.oldSize.x
      value: 1.28
      objectReference: {fileID: 0}
    - target: {fileID: 8451343442907297712, guid: 982ad48a1ea510c469372dc0493ef07a, type: 3}
      propertyPath: m_SpriteTilingProperty.oldSize.y
      value: 2.36
      objectReference: {fileID: 0}
    - target: {fileID: 8451343442907297712, guid: 982ad48a1ea510c469372dc0493ef07a, type: 3}
      propertyPath: m_Size.y
      value: 1.7968998
      objectReference: {fileID: 0}
    - target: {fileID: 8451343442907297712, guid: 982ad48a1ea510c469372dc0493ef07a, type: 3}
      propertyPath: m_Offset.x
      value: 0.081596375
      objectReference: {fileID: 0}
    - target: {fileID: 8451343442907297712, guid: 982ad48a1ea510c469372dc0493ef07a, type: 3}
      propertyPath: m_Size.x
      value: 0.70961
      objectReference: {fileID: 0}
    m_RemovedComponents: []
  m_SourcePrefab: {fileID: 100100000, guid: 982ad48a1ea510c469372dc0493ef07a, type: 3}
--- !u!4 &3650091415013028657 stripped
Transform:
  m_CorrespondingSourceObject: {fileID: 1808137508924421871, guid: 982ad48a1ea510c469372dc0493ef07a, type: 3}
  m_PrefabInstance: {fileID: 3148141146869466590}
  m_PrefabAsset: {fileID: 0}
--- !u!1001 &3153486631999102171
PrefabInstance:
  m_ObjectHideFlags: 0
  serializedVersion: 2
  m_Modification:
    m_TransformParent: {fileID: 7952765480203522874}
    m_Modifications:
    - target: {fileID: 519938151996300674, guid: 301e22e8b249708498872b0c0cb02a8d, type: 3}
      propertyPath: m_LocalPosition.x
      value: -7.099991
      objectReference: {fileID: 0}
    - target: {fileID: 519938151996300674, guid: 301e22e8b249708498872b0c0cb02a8d, type: 3}
      propertyPath: m_LocalPosition.y
      value: 3.25
      objectReference: {fileID: 0}
    - target: {fileID: 519938151996300674, guid: 301e22e8b249708498872b0c0cb02a8d, type: 3}
      propertyPath: m_LocalPosition.z
      value: 0
      objectReference: {fileID: 0}
    - target: {fileID: 519938151996300674, guid: 301e22e8b249708498872b0c0cb02a8d, type: 3}
      propertyPath: m_LocalRotation.x
      value: -0
      objectReference: {fileID: 0}
    - target: {fileID: 519938151996300674, guid: 301e22e8b249708498872b0c0cb02a8d, type: 3}
      propertyPath: m_LocalRotation.y
      value: -0
      objectReference: {fileID: 0}
    - target: {fileID: 519938151996300674, guid: 301e22e8b249708498872b0c0cb02a8d, type: 3}
      propertyPath: m_LocalRotation.z
      value: -0
      objectReference: {fileID: 0}
    - target: {fileID: 519938151996300674, guid: 301e22e8b249708498872b0c0cb02a8d, type: 3}
      propertyPath: m_LocalRotation.w
      value: 1
      objectReference: {fileID: 0}
    - target: {fileID: 519938151996300674, guid: 301e22e8b249708498872b0c0cb02a8d, type: 3}
      propertyPath: m_RootOrder
      value: 6
      objectReference: {fileID: 0}
    - target: {fileID: 519938151996300674, guid: 301e22e8b249708498872b0c0cb02a8d, type: 3}
      propertyPath: m_LocalEulerAnglesHint.x
      value: 0
      objectReference: {fileID: 0}
    - target: {fileID: 519938151996300674, guid: 301e22e8b249708498872b0c0cb02a8d, type: 3}
      propertyPath: m_LocalEulerAnglesHint.y
      value: 0
      objectReference: {fileID: 0}
    - target: {fileID: 519938151996300674, guid: 301e22e8b249708498872b0c0cb02a8d, type: 3}
      propertyPath: m_LocalEulerAnglesHint.z
      value: 0
      objectReference: {fileID: 0}
    - target: {fileID: 519938151996300675, guid: 301e22e8b249708498872b0c0cb02a8d, type: 3}
      propertyPath: m_Name
      value: bottomCover (1)
      objectReference: {fileID: 0}
    m_RemovedComponents: []
  m_SourcePrefab: {fileID: 100100000, guid: 301e22e8b249708498872b0c0cb02a8d, type: 3}
--- !u!4 &3239319159344349529 stripped
Transform:
  m_CorrespondingSourceObject: {fileID: 519938151996300674, guid: 301e22e8b249708498872b0c0cb02a8d, type: 3}
  m_PrefabInstance: {fileID: 3153486631999102171}
  m_PrefabAsset: {fileID: 0}
--- !u!1001 &3572837980037836389
PrefabInstance:
  m_ObjectHideFlags: 0
  serializedVersion: 2
  m_Modification:
    m_TransformParent: {fileID: 7952765480203522874}
    m_Modifications:
    - target: {fileID: 519938151996300674, guid: 92351839aee6c7c47ae8da4eaf5184e9, type: 3}
      propertyPath: m_LocalPosition.x
      value: 4.880005
      objectReference: {fileID: 0}
    - target: {fileID: 519938151996300674, guid: 92351839aee6c7c47ae8da4eaf5184e9, type: 3}
      propertyPath: m_LocalPosition.y
      value: 3.25
      objectReference: {fileID: 0}
    - target: {fileID: 519938151996300674, guid: 92351839aee6c7c47ae8da4eaf5184e9, type: 3}
      propertyPath: m_LocalPosition.z
      value: 0
      objectReference: {fileID: 0}
    - target: {fileID: 519938151996300674, guid: 92351839aee6c7c47ae8da4eaf5184e9, type: 3}
      propertyPath: m_LocalRotation.x
      value: -0
      objectReference: {fileID: 0}
    - target: {fileID: 519938151996300674, guid: 92351839aee6c7c47ae8da4eaf5184e9, type: 3}
      propertyPath: m_LocalRotation.y
      value: -0
      objectReference: {fileID: 0}
    - target: {fileID: 519938151996300674, guid: 92351839aee6c7c47ae8da4eaf5184e9, type: 3}
      propertyPath: m_LocalRotation.z
      value: -0
      objectReference: {fileID: 0}
    - target: {fileID: 519938151996300674, guid: 92351839aee6c7c47ae8da4eaf5184e9, type: 3}
      propertyPath: m_LocalRotation.w
      value: 1
      objectReference: {fileID: 0}
    - target: {fileID: 519938151996300674, guid: 92351839aee6c7c47ae8da4eaf5184e9, type: 3}
      propertyPath: m_RootOrder
      value: 2
      objectReference: {fileID: 0}
    - target: {fileID: 519938151996300674, guid: 92351839aee6c7c47ae8da4eaf5184e9, type: 3}
      propertyPath: m_LocalEulerAnglesHint.x
      value: 0
      objectReference: {fileID: 0}
    - target: {fileID: 519938151996300674, guid: 92351839aee6c7c47ae8da4eaf5184e9, type: 3}
      propertyPath: m_LocalEulerAnglesHint.y
      value: 0
      objectReference: {fileID: 0}
    - target: {fileID: 519938151996300674, guid: 92351839aee6c7c47ae8da4eaf5184e9, type: 3}
      propertyPath: m_LocalEulerAnglesHint.z
      value: 0
      objectReference: {fileID: 0}
    - target: {fileID: 519938151996300675, guid: 92351839aee6c7c47ae8da4eaf5184e9, type: 3}
      propertyPath: m_Name
      value: bottomCover_rev (1)
      objectReference: {fileID: 0}
    m_RemovedComponents: []
  m_SourcePrefab: {fileID: 100100000, guid: 92351839aee6c7c47ae8da4eaf5184e9, type: 3}
--- !u!4 &3936838526242681831 stripped
Transform:
  m_CorrespondingSourceObject: {fileID: 519938151996300674, guid: 92351839aee6c7c47ae8da4eaf5184e9, type: 3}
  m_PrefabInstance: {fileID: 3572837980037836389}
  m_PrefabAsset: {fileID: 0}
--- !u!1001 &4893693066653941257
PrefabInstance:
  m_ObjectHideFlags: 0
  serializedVersion: 2
  m_Modification:
    m_TransformParent: {fileID: 7952765480203522874}
    m_Modifications:
    - target: {fileID: 591066624498981946, guid: 157a4a50912edff4caeacd104b406867, type: 3}
      propertyPath: m_Offset.y
      value: -0.14669895
      objectReference: {fileID: 0}
    - target: {fileID: 591066624498981946, guid: 157a4a50912edff4caeacd104b406867, type: 3}
      propertyPath: m_SpriteTilingProperty.oldSize.x
      value: 8.17
      objectReference: {fileID: 0}
    - target: {fileID: 591066624498981946, guid: 157a4a50912edff4caeacd104b406867, type: 3}
      propertyPath: m_SpriteTilingProperty.oldSize.y
      value: 4.69
      objectReference: {fileID: 0}
    - target: {fileID: 591066624498981946, guid: 157a4a50912edff4caeacd104b406867, type: 3}
      propertyPath: m_Size.y
      value: 3.860567
      objectReference: {fileID: 0}
    - target: {fileID: 591066624498981946, guid: 157a4a50912edff4caeacd104b406867, type: 3}
      propertyPath: m_Offset.x
      value: 0.36560822
      objectReference: {fileID: 0}
    - target: {fileID: 591066624498981946, guid: 157a4a50912edff4caeacd104b406867, type: 3}
      propertyPath: m_Size.x
      value: 6.822891
      objectReference: {fileID: 0}
    - target: {fileID: 1953755682489438366, guid: 157a4a50912edff4caeacd104b406867, type: 3}
      propertyPath: m_Sprite
      value: 
      objectReference: {fileID: 21300000, guid: 87dfa5d4e8604b642b28d69c737a7833, type: 3}
    - target: {fileID: 1953755682489438366, guid: 157a4a50912edff4caeacd104b406867, type: 3}
      propertyPath: m_SortingLayerID
      value: -1332208547
      objectReference: {fileID: 0}
    - target: {fileID: 1953755682489438366, guid: 157a4a50912edff4caeacd104b406867, type: 3}
      propertyPath: m_SortingLayer
      value: 1
      objectReference: {fileID: 0}
    - target: {fileID: 1953755682489438366, guid: 157a4a50912edff4caeacd104b406867, type: 3}
      propertyPath: m_SortingOrder
      value: 110
      objectReference: {fileID: 0}
    - target: {fileID: 4766575064592363737, guid: 157a4a50912edff4caeacd104b406867, type: 3}
      propertyPath: layerSortingOrder
      value: 110
      objectReference: {fileID: 0}
    - target: {fileID: 4766575064592363737, guid: 157a4a50912edff4caeacd104b406867, type: 3}
      propertyPath: fx.Array.data[0]
      value: 
      objectReference: {fileID: 4230173638489732945, guid: db49728c29e90924aa2080d78033752b, type: 3}
    - target: {fileID: 7236471645864910181, guid: 157a4a50912edff4caeacd104b406867, type: 3}
      propertyPath: m_LocalPosition.x
      value: 4.529999
      objectReference: {fileID: 0}
    - target: {fileID: 7236471645864910181, guid: 157a4a50912edff4caeacd104b406867, type: 3}
      propertyPath: m_LocalPosition.y
      value: 6.45
      objectReference: {fileID: 0}
    - target: {fileID: 7236471645864910181, guid: 157a4a50912edff4caeacd104b406867, type: 3}
      propertyPath: m_LocalPosition.z
      value: 0
      objectReference: {fileID: 0}
    - target: {fileID: 7236471645864910181, guid: 157a4a50912edff4caeacd104b406867, type: 3}
      propertyPath: m_LocalRotation.x
      value: -0
      objectReference: {fileID: 0}
    - target: {fileID: 7236471645864910181, guid: 157a4a50912edff4caeacd104b406867, type: 3}
      propertyPath: m_LocalRotation.y
      value: -0
      objectReference: {fileID: 0}
    - target: {fileID: 7236471645864910181, guid: 157a4a50912edff4caeacd104b406867, type: 3}
      propertyPath: m_LocalRotation.z
      value: -0
      objectReference: {fileID: 0}
    - target: {fileID: 7236471645864910181, guid: 157a4a50912edff4caeacd104b406867, type: 3}
      propertyPath: m_LocalRotation.w
      value: 1
      objectReference: {fileID: 0}
    - target: {fileID: 7236471645864910181, guid: 157a4a50912edff4caeacd104b406867, type: 3}
      propertyPath: m_RootOrder
      value: 4
      objectReference: {fileID: 0}
    - target: {fileID: 7236471645864910181, guid: 157a4a50912edff4caeacd104b406867, type: 3}
      propertyPath: m_LocalEulerAnglesHint.x
      value: 0
      objectReference: {fileID: 0}
    - target: {fileID: 7236471645864910181, guid: 157a4a50912edff4caeacd104b406867, type: 3}
      propertyPath: m_LocalEulerAnglesHint.y
      value: 0
      objectReference: {fileID: 0}
    - target: {fileID: 7236471645864910181, guid: 157a4a50912edff4caeacd104b406867, type: 3}
      propertyPath: m_LocalEulerAnglesHint.z
      value: 0
      objectReference: {fileID: 0}
    - target: {fileID: 7577202939885530264, guid: 157a4a50912edff4caeacd104b406867, type: 3}
      propertyPath: m_Name
      value: item (38)
      objectReference: {fileID: 0}
    m_RemovedComponents: []
  m_SourcePrefab: {fileID: 100100000, guid: 157a4a50912edff4caeacd104b406867, type: 3}
--- !u!4 &2847681744986301292 stripped
Transform:
  m_CorrespondingSourceObject: {fileID: 7236471645864910181, guid: 157a4a50912edff4caeacd104b406867, type: 3}
  m_PrefabInstance: {fileID: 4893693066653941257}
  m_PrefabAsset: {fileID: 0}
--- !u!1001 &4947787284062400496
PrefabInstance:
  m_ObjectHideFlags: 0
  serializedVersion: 2
  m_Modification:
    m_TransformParent: {fileID: 7952765480203522874}
    m_Modifications:
    - target: {fileID: 591066624498981946, guid: 157a4a50912edff4caeacd104b406867, type: 3}
      propertyPath: m_Offset.y
      value: -0.24953842
      objectReference: {fileID: 0}
    - target: {fileID: 591066624498981946, guid: 157a4a50912edff4caeacd104b406867, type: 3}
      propertyPath: m_SpriteTilingProperty.oldSize.x
      value: 5.43
      objectReference: {fileID: 0}
    - target: {fileID: 591066624498981946, guid: 157a4a50912edff4caeacd104b406867, type: 3}
      propertyPath: m_SpriteTilingProperty.oldSize.y
      value: 6.07
      objectReference: {fileID: 0}
    - target: {fileID: 591066624498981946, guid: 157a4a50912edff4caeacd104b406867, type: 3}
      propertyPath: m_Size.y
      value: 5.3669357
      objectReference: {fileID: 0}
    - target: {fileID: 591066624498981946, guid: 157a4a50912edff4caeacd104b406867, type: 3}
      propertyPath: m_Offset.x
      value: 0.16152954
      objectReference: {fileID: 0}
    - target: {fileID: 591066624498981946, guid: 157a4a50912edff4caeacd104b406867, type: 3}
      propertyPath: m_Size.x
      value: 4.3067627
      objectReference: {fileID: 0}
    - target: {fileID: 1953755682489438366, guid: 157a4a50912edff4caeacd104b406867, type: 3}
      propertyPath: m_Sprite
      value: 
      objectReference: {fileID: 21300000, guid: 6e0dea140ed7f6f488348b31a6aa24ed, type: 3}
    - target: {fileID: 1953755682489438366, guid: 157a4a50912edff4caeacd104b406867, type: 3}
      propertyPath: m_SortingLayerID
      value: -1332208547
      objectReference: {fileID: 0}
    - target: {fileID: 1953755682489438366, guid: 157a4a50912edff4caeacd104b406867, type: 3}
      propertyPath: m_SortingLayer
      value: 1
      objectReference: {fileID: 0}
    - target: {fileID: 1953755682489438366, guid: 157a4a50912edff4caeacd104b406867, type: 3}
      propertyPath: m_SortingOrder
      value: 112
      objectReference: {fileID: 0}
    - target: {fileID: 4766575064592363737, guid: 157a4a50912edff4caeacd104b406867, type: 3}
      propertyPath: layerSortingOrder
      value: 111
      objectReference: {fileID: 0}
    - target: {fileID: 4766575064592363737, guid: 157a4a50912edff4caeacd104b406867, type: 3}
      propertyPath: fx.Array.data[0]
      value: 
      objectReference: {fileID: 4230173638489732945, guid: db49728c29e90924aa2080d78033752b, type: 3}
    - target: {fileID: 7236471645864910181, guid: 157a4a50912edff4caeacd104b406867, type: 3}
      propertyPath: m_LocalPosition.x
      value: -0.27000427
      objectReference: {fileID: 0}
    - target: {fileID: 7236471645864910181, guid: 157a4a50912edff4caeacd104b406867, type: 3}
      propertyPath: m_LocalPosition.y
      value: 4.12
      objectReference: {fileID: 0}
    - target: {fileID: 7236471645864910181, guid: 157a4a50912edff4caeacd104b406867, type: 3}
      propertyPath: m_LocalPosition.z
      value: 0
      objectReference: {fileID: 0}
    - target: {fileID: 7236471645864910181, guid: 157a4a50912edff4caeacd104b406867, type: 3}
      propertyPath: m_LocalRotation.x
      value: -0
      objectReference: {fileID: 0}
    - target: {fileID: 7236471645864910181, guid: 157a4a50912edff4caeacd104b406867, type: 3}
      propertyPath: m_LocalRotation.y
      value: -0
      objectReference: {fileID: 0}
    - target: {fileID: 7236471645864910181, guid: 157a4a50912edff4caeacd104b406867, type: 3}
      propertyPath: m_LocalRotation.z
      value: -0
      objectReference: {fileID: 0}
    - target: {fileID: 7236471645864910181, guid: 157a4a50912edff4caeacd104b406867, type: 3}
      propertyPath: m_LocalRotation.w
      value: 1
      objectReference: {fileID: 0}
    - target: {fileID: 7236471645864910181, guid: 157a4a50912edff4caeacd104b406867, type: 3}
      propertyPath: m_RootOrder
      value: 7
      objectReference: {fileID: 0}
    - target: {fileID: 7236471645864910181, guid: 157a4a50912edff4caeacd104b406867, type: 3}
      propertyPath: m_LocalEulerAnglesHint.x
      value: 0
      objectReference: {fileID: 0}
    - target: {fileID: 7236471645864910181, guid: 157a4a50912edff4caeacd104b406867, type: 3}
      propertyPath: m_LocalEulerAnglesHint.y
      value: 0
      objectReference: {fileID: 0}
    - target: {fileID: 7236471645864910181, guid: 157a4a50912edff4caeacd104b406867, type: 3}
      propertyPath: m_LocalEulerAnglesHint.z
      value: 0
      objectReference: {fileID: 0}
    - target: {fileID: 7577202939885530264, guid: 157a4a50912edff4caeacd104b406867, type: 3}
      propertyPath: m_Name
      value: item (34)
      objectReference: {fileID: 0}
    m_RemovedComponents: []
  m_SourcePrefab: {fileID: 100100000, guid: 157a4a50912edff4caeacd104b406867, type: 3}
--- !u!4 &2361872803550802581 stripped
Transform:
  m_CorrespondingSourceObject: {fileID: 7236471645864910181, guid: 157a4a50912edff4caeacd104b406867, type: 3}
  m_PrefabInstance: {fileID: 4947787284062400496}
  m_PrefabAsset: {fileID: 0}
--- !u!1001 &6158993810913523387
PrefabInstance:
  m_ObjectHideFlags: 0
  serializedVersion: 2
  m_Modification:
    m_TransformParent: {fileID: 7952765480203522874}
    m_Modifications:
    - target: {fileID: 1467458858315482898, guid: 982ad48a1ea510c469372dc0493ef07a, type: 3}
      propertyPath: m_Name
      value: item_phisics (42)
      objectReference: {fileID: 0}
    - target: {fileID: 1467458858315482898, guid: 982ad48a1ea510c469372dc0493ef07a, type: 3}
      propertyPath: m_Layer
      value: 14
      objectReference: {fileID: 0}
    - target: {fileID: 1808137508924421871, guid: 982ad48a1ea510c469372dc0493ef07a, type: 3}
      propertyPath: m_LocalPosition.x
      value: 2.75
      objectReference: {fileID: 0}
    - target: {fileID: 1808137508924421871, guid: 982ad48a1ea510c469372dc0493ef07a, type: 3}
      propertyPath: m_LocalPosition.y
      value: 8.97
      objectReference: {fileID: 0}
    - target: {fileID: 1808137508924421871, guid: 982ad48a1ea510c469372dc0493ef07a, type: 3}
      propertyPath: m_LocalPosition.z
      value: 0
      objectReference: {fileID: 0}
    - target: {fileID: 1808137508924421871, guid: 982ad48a1ea510c469372dc0493ef07a, type: 3}
      propertyPath: m_LocalRotation.x
      value: -0
      objectReference: {fileID: 0}
    - target: {fileID: 1808137508924421871, guid: 982ad48a1ea510c469372dc0493ef07a, type: 3}
      propertyPath: m_LocalRotation.y
      value: -0
      objectReference: {fileID: 0}
    - target: {fileID: 1808137508924421871, guid: 982ad48a1ea510c469372dc0493ef07a, type: 3}
      propertyPath: m_LocalRotation.z
      value: -0
      objectReference: {fileID: 0}
    - target: {fileID: 1808137508924421871, guid: 982ad48a1ea510c469372dc0493ef07a, type: 3}
      propertyPath: m_LocalRotation.w
      value: 1
      objectReference: {fileID: 0}
    - target: {fileID: 1808137508924421871, guid: 982ad48a1ea510c469372dc0493ef07a, type: 3}
      propertyPath: m_RootOrder
      value: 10
      objectReference: {fileID: 0}
    - target: {fileID: 1808137508924421871, guid: 982ad48a1ea510c469372dc0493ef07a, type: 3}
      propertyPath: m_LocalEulerAnglesHint.x
      value: 0
      objectReference: {fileID: 0}
    - target: {fileID: 1808137508924421871, guid: 982ad48a1ea510c469372dc0493ef07a, type: 3}
      propertyPath: m_LocalEulerAnglesHint.y
      value: 0
      objectReference: {fileID: 0}
    - target: {fileID: 1808137508924421871, guid: 982ad48a1ea510c469372dc0493ef07a, type: 3}
      propertyPath: m_LocalEulerAnglesHint.z
      value: 0
      objectReference: {fileID: 0}
    - target: {fileID: 2624718922426506853, guid: 982ad48a1ea510c469372dc0493ef07a, type: 3}
      propertyPath: m_Mass
      value: 2000
      objectReference: {fileID: 0}
    - target: {fileID: 6962764224025498906, guid: 982ad48a1ea510c469372dc0493ef07a, type: 3}
      propertyPath: layerSortingOrder
      value: 121
      objectReference: {fileID: 0}
    - target: {fileID: 6962764224025498906, guid: 982ad48a1ea510c469372dc0493ef07a, type: 3}
      propertyPath: fx.Array.data[0]
      value: 
      objectReference: {fileID: 4230173638489732945, guid: 6ddc61e66856865489439cb03a688454, type: 3}
    - target: {fileID: 6962764224025498906, guid: 982ad48a1ea510c469372dc0493ef07a, type: 3}
      propertyPath: layerName
      value: Location
      objectReference: {fileID: 0}
    - target: {fileID: 7379136522054155028, guid: 982ad48a1ea510c469372dc0493ef07a, type: 3}
      propertyPath: m_Sprite
      value: 
      objectReference: {fileID: 5419596503429418676, guid: 4b399db1087529444ae26ee5aa3dec4f, type: 3}
    - target: {fileID: 7379136522054155028, guid: 982ad48a1ea510c469372dc0493ef07a, type: 3}
      propertyPath: m_SortingOrder
      value: 120
      objectReference: {fileID: 0}
    - target: {fileID: 7379136522054155028, guid: 982ad48a1ea510c469372dc0493ef07a, type: 3}
      propertyPath: m_SortingLayerID
      value: -1332208547
      objectReference: {fileID: 0}
    - target: {fileID: 7379136522054155028, guid: 982ad48a1ea510c469372dc0493ef07a, type: 3}
      propertyPath: m_SortingLayer
      value: 1
      objectReference: {fileID: 0}
    - target: {fileID: 7379136522054155028, guid: 982ad48a1ea510c469372dc0493ef07a, type: 3}
      propertyPath: m_FlipX
      value: 0
      objectReference: {fileID: 0}
    - target: {fileID: 8451343442907297712, guid: 982ad48a1ea510c469372dc0493ef07a, type: 3}
      propertyPath: m_Offset.y
      value: 0.21427965
      objectReference: {fileID: 0}
    - target: {fileID: 8451343442907297712, guid: 982ad48a1ea510c469372dc0493ef07a, type: 3}
      propertyPath: m_SpriteTilingProperty.oldSize.x
      value: 1.92
      objectReference: {fileID: 0}
    - target: {fileID: 8451343442907297712, guid: 982ad48a1ea510c469372dc0493ef07a, type: 3}
      propertyPath: m_SpriteTilingProperty.oldSize.y
      value: 2.79
      objectReference: {fileID: 0}
    - target: {fileID: 8451343442907297712, guid: 982ad48a1ea510c469372dc0493ef07a, type: 3}
      propertyPath: m_Size.y
      value: 1.829814
      objectReference: {fileID: 0}
    - target: {fileID: 8451343442907297712, guid: 982ad48a1ea510c469372dc0493ef07a, type: 3}
      propertyPath: m_Offset.x
      value: 0.19409943
      objectReference: {fileID: 0}
    - target: {fileID: 8451343442907297712, guid: 982ad48a1ea510c469372dc0493ef07a, type: 3}
      propertyPath: m_Size.x
      value: 1.3695831
      objectReference: {fileID: 0}
    m_RemovedComponents: []
  m_SourcePrefab: {fileID: 100100000, guid: 982ad48a1ea510c469372dc0493ef07a, type: 3}
--- !u!4 &5507602457933086804 stripped
Transform:
  m_CorrespondingSourceObject: {fileID: 1808137508924421871, guid: 982ad48a1ea510c469372dc0493ef07a, type: 3}
  m_PrefabInstance: {fileID: 6158993810913523387}
  m_PrefabAsset: {fileID: 0}
--- !u!1001 &6938248405877674069
PrefabInstance:
  m_ObjectHideFlags: 0
  serializedVersion: 2
  m_Modification:
    m_TransformParent: {fileID: 7952765480203522874}
    m_Modifications:
    - target: {fileID: 519938151996300674, guid: 3a7f48dbd9d31d64ba88177c80bf4e30, type: 3}
      propertyPath: m_LocalPosition.x
      value: 10.75
      objectReference: {fileID: 0}
    - target: {fileID: 519938151996300674, guid: 3a7f48dbd9d31d64ba88177c80bf4e30, type: 3}
      propertyPath: m_LocalPosition.y
      value: 6.57
      objectReference: {fileID: 0}
    - target: {fileID: 519938151996300674, guid: 3a7f48dbd9d31d64ba88177c80bf4e30, type: 3}
      propertyPath: m_LocalPosition.z
      value: 0
      objectReference: {fileID: 0}
    - target: {fileID: 519938151996300674, guid: 3a7f48dbd9d31d64ba88177c80bf4e30, type: 3}
      propertyPath: m_LocalRotation.x
      value: -0
      objectReference: {fileID: 0}
    - target: {fileID: 519938151996300674, guid: 3a7f48dbd9d31d64ba88177c80bf4e30, type: 3}
      propertyPath: m_LocalRotation.y
      value: -0
      objectReference: {fileID: 0}
    - target: {fileID: 519938151996300674, guid: 3a7f48dbd9d31d64ba88177c80bf4e30, type: 3}
      propertyPath: m_LocalRotation.z
      value: -0
      objectReference: {fileID: 0}
    - target: {fileID: 519938151996300674, guid: 3a7f48dbd9d31d64ba88177c80bf4e30, type: 3}
      propertyPath: m_LocalRotation.w
      value: 1
      objectReference: {fileID: 0}
    - target: {fileID: 519938151996300674, guid: 3a7f48dbd9d31d64ba88177c80bf4e30, type: 3}
      propertyPath: m_RootOrder
      value: 9
      objectReference: {fileID: 0}
    - target: {fileID: 519938151996300674, guid: 3a7f48dbd9d31d64ba88177c80bf4e30, type: 3}
      propertyPath: m_LocalEulerAnglesHint.x
      value: 0
      objectReference: {fileID: 0}
    - target: {fileID: 519938151996300674, guid: 3a7f48dbd9d31d64ba88177c80bf4e30, type: 3}
      propertyPath: m_LocalEulerAnglesHint.y
      value: 0
      objectReference: {fileID: 0}
    - target: {fileID: 519938151996300674, guid: 3a7f48dbd9d31d64ba88177c80bf4e30, type: 3}
      propertyPath: m_LocalEulerAnglesHint.z
      value: 0
      objectReference: {fileID: 0}
    - target: {fileID: 519938151996300675, guid: 3a7f48dbd9d31d64ba88177c80bf4e30, type: 3}
      propertyPath: m_Name
      value: topCover_rev (1)
      objectReference: {fileID: 0}
    - target: {fileID: 1098250236705618267, guid: 3a7f48dbd9d31d64ba88177c80bf4e30, type: 3}
      propertyPath: coverAnimation
      value: CoverSit
      objectReference: {fileID: 0}
    m_RemovedComponents: []
  m_SourcePrefab: {fileID: 100100000, guid: 3a7f48dbd9d31d64ba88177c80bf4e30, type: 3}
--- !u!4 &7457588062678928855 stripped
Transform:
  m_CorrespondingSourceObject: {fileID: 519938151996300674, guid: 3a7f48dbd9d31d64ba88177c80bf4e30, type: 3}
  m_PrefabInstance: {fileID: 6938248405877674069}
  m_PrefabAsset: {fileID: 0}
--- !u!1001 &7714257177310446901
PrefabInstance:
  m_ObjectHideFlags: 0
  serializedVersion: 2
  m_Modification:
    m_TransformParent: {fileID: 7952765480203522874}
    m_Modifications:
    - target: {fileID: 591066624498981946, guid: 157a4a50912edff4caeacd104b406867, type: 3}
      propertyPath: m_Offset.y
      value: -0.14669895
      objectReference: {fileID: 0}
    - target: {fileID: 591066624498981946, guid: 157a4a50912edff4caeacd104b406867, type: 3}
      propertyPath: m_SpriteTilingProperty.oldSize.x
      value: 8.17
      objectReference: {fileID: 0}
    - target: {fileID: 591066624498981946, guid: 157a4a50912edff4caeacd104b406867, type: 3}
      propertyPath: m_SpriteTilingProperty.oldSize.y
      value: 4.69
      objectReference: {fileID: 0}
    - target: {fileID: 591066624498981946, guid: 157a4a50912edff4caeacd104b406867, type: 3}
      propertyPath: m_Size.y
      value: 3.860567
      objectReference: {fileID: 0}
    - target: {fileID: 591066624498981946, guid: 157a4a50912edff4caeacd104b406867, type: 3}
      propertyPath: m_Offset.x
      value: 0.36560822
      objectReference: {fileID: 0}
    - target: {fileID: 591066624498981946, guid: 157a4a50912edff4caeacd104b406867, type: 3}
      propertyPath: m_Size.x
      value: 6.822891
      objectReference: {fileID: 0}
    - target: {fileID: 1953755682489438366, guid: 157a4a50912edff4caeacd104b406867, type: 3}
      propertyPath: m_Sprite
      value: 
      objectReference: {fileID: 21300000, guid: 87dfa5d4e8604b642b28d69c737a7833, type: 3}
    - target: {fileID: 1953755682489438366, guid: 157a4a50912edff4caeacd104b406867, type: 3}
      propertyPath: m_SortingLayerID
      value: -1332208547
      objectReference: {fileID: 0}
    - target: {fileID: 1953755682489438366, guid: 157a4a50912edff4caeacd104b406867, type: 3}
      propertyPath: m_SortingLayer
      value: 1
      objectReference: {fileID: 0}
    - target: {fileID: 1953755682489438366, guid: 157a4a50912edff4caeacd104b406867, type: 3}
      propertyPath: m_SortingOrder
      value: 109
      objectReference: {fileID: 0}
    - target: {fileID: 4766575064592363737, guid: 157a4a50912edff4caeacd104b406867, type: 3}
      propertyPath: layerSortingOrder
      value: 110
      objectReference: {fileID: 0}
    - target: {fileID: 4766575064592363737, guid: 157a4a50912edff4caeacd104b406867, type: 3}
      propertyPath: fx.Array.data[0]
      value: 
      objectReference: {fileID: 4230173638489732945, guid: db49728c29e90924aa2080d78033752b, type: 3}
    - target: {fileID: 7236471645864910181, guid: 157a4a50912edff4caeacd104b406867, type: 3}
      propertyPath: m_LocalPosition.x
      value: 4.529999
      objectReference: {fileID: 0}
    - target: {fileID: 7236471645864910181, guid: 157a4a50912edff4caeacd104b406867, type: 3}
      propertyPath: m_LocalPosition.y
      value: 3.2
      objectReference: {fileID: 0}
    - target: {fileID: 7236471645864910181, guid: 157a4a50912edff4caeacd104b406867, type: 3}
      propertyPath: m_LocalPosition.z
      value: 0
      objectReference: {fileID: 0}
    - target: {fileID: 7236471645864910181, guid: 157a4a50912edff4caeacd104b406867, type: 3}
      propertyPath: m_LocalRotation.x
      value: -0
      objectReference: {fileID: 0}
    - target: {fileID: 7236471645864910181, guid: 157a4a50912edff4caeacd104b406867, type: 3}
      propertyPath: m_LocalRotation.y
      value: -0
      objectReference: {fileID: 0}
    - target: {fileID: 7236471645864910181, guid: 157a4a50912edff4caeacd104b406867, type: 3}
      propertyPath: m_LocalRotation.z
      value: -0
      objectReference: {fileID: 0}
    - target: {fileID: 7236471645864910181, guid: 157a4a50912edff4caeacd104b406867, type: 3}
      propertyPath: m_LocalRotation.w
      value: 1
      objectReference: {fileID: 0}
    - target: {fileID: 7236471645864910181, guid: 157a4a50912edff4caeacd104b406867, type: 3}
      propertyPath: m_RootOrder
      value: 8
      objectReference: {fileID: 0}
    - target: {fileID: 7236471645864910181, guid: 157a4a50912edff4caeacd104b406867, type: 3}
      propertyPath: m_LocalEulerAnglesHint.x
      value: 0
      objectReference: {fileID: 0}
    - target: {fileID: 7236471645864910181, guid: 157a4a50912edff4caeacd104b406867, type: 3}
      propertyPath: m_LocalEulerAnglesHint.y
      value: 0
      objectReference: {fileID: 0}
    - target: {fileID: 7236471645864910181, guid: 157a4a50912edff4caeacd104b406867, type: 3}
      propertyPath: m_LocalEulerAnglesHint.z
      value: 0
      objectReference: {fileID: 0}
    - target: {fileID: 7577202939885530264, guid: 157a4a50912edff4caeacd104b406867, type: 3}
      propertyPath: m_Name
      value: item (37)
      objectReference: {fileID: 0}
    m_RemovedComponents: []
  m_SourcePrefab: {fileID: 100100000, guid: 157a4a50912edff4caeacd104b406867, type: 3}
--- !u!4 &1108888919823226960 stripped
Transform:
  m_CorrespondingSourceObject: {fileID: 7236471645864910181, guid: 157a4a50912edff4caeacd104b406867, type: 3}
  m_PrefabInstance: {fileID: 7714257177310446901}
  m_PrefabAsset: {fileID: 0}
--- !u!1001 &9035261501311045795
PrefabInstance:
  m_ObjectHideFlags: 0
  serializedVersion: 2
  m_Modification:
    m_TransformParent: {fileID: 7952765480203522874}
    m_Modifications:
    - target: {fileID: 591066624498981946, guid: 157a4a50912edff4caeacd104b406867, type: 3}
      propertyPath: m_Offset.y
      value: -0.2775879
      objectReference: {fileID: 0}
    - target: {fileID: 591066624498981946, guid: 157a4a50912edff4caeacd104b406867, type: 3}
      propertyPath: m_SpriteTilingProperty.oldSize.x
      value: 6.72
      objectReference: {fileID: 0}
    - target: {fileID: 591066624498981946, guid: 157a4a50912edff4caeacd104b406867, type: 3}
      propertyPath: m_SpriteTilingProperty.oldSize.y
      value: 12.88
      objectReference: {fileID: 0}
    - target: {fileID: 591066624498981946, guid: 157a4a50912edff4caeacd104b406867, type: 3}
      propertyPath: m_Size.y
      value: 12.04155
      objectReference: {fileID: 0}
    - target: {fileID: 591066624498981946, guid: 157a4a50912edff4caeacd104b406867, type: 3}
      propertyPath: m_Offset.x
      value: 0.2456665
      objectReference: {fileID: 0}
    - target: {fileID: 591066624498981946, guid: 157a4a50912edff4caeacd104b406867, type: 3}
      propertyPath: m_Size.x
      value: 5.821167
      objectReference: {fileID: 0}
    - target: {fileID: 1953755682489438366, guid: 157a4a50912edff4caeacd104b406867, type: 3}
      propertyPath: m_Sprite
      value: 
      objectReference: {fileID: 21300000, guid: 6699092701f39634bbe4d8a4367b66d3, type: 3}
    - target: {fileID: 1953755682489438366, guid: 157a4a50912edff4caeacd104b406867, type: 3}
      propertyPath: m_SortingLayerID
      value: -1332208547
      objectReference: {fileID: 0}
    - target: {fileID: 1953755682489438366, guid: 157a4a50912edff4caeacd104b406867, type: 3}
      propertyPath: m_SortingLayer
      value: 1
      objectReference: {fileID: 0}
    - target: {fileID: 1953755682489438366, guid: 157a4a50912edff4caeacd104b406867, type: 3}
      propertyPath: m_SortingOrder
      value: 121
      objectReference: {fileID: 0}
    - target: {fileID: 4766575064592363737, guid: 157a4a50912edff4caeacd104b406867, type: 3}
      propertyPath: layerSortingOrder
      value: 111
      objectReference: {fileID: 0}
    - target: {fileID: 4766575064592363737, guid: 157a4a50912edff4caeacd104b406867, type: 3}
      propertyPath: fx.Array.data[0]
      value: 
      objectReference: {fileID: 4230173638489732945, guid: db49728c29e90924aa2080d78033752b, type: 3}
    - target: {fileID: 7236471645864910181, guid: 157a4a50912edff4caeacd104b406867, type: 3}
      propertyPath: m_LocalPosition.x
      value: -5.220001
      objectReference: {fileID: 0}
    - target: {fileID: 7236471645864910181, guid: 157a4a50912edff4caeacd104b406867, type: 3}
      propertyPath: m_LocalPosition.y
      value: 7.81
      objectReference: {fileID: 0}
    - target: {fileID: 7236471645864910181, guid: 157a4a50912edff4caeacd104b406867, type: 3}
      propertyPath: m_LocalPosition.z
      value: 0
      objectReference: {fileID: 0}
    - target: {fileID: 7236471645864910181, guid: 157a4a50912edff4caeacd104b406867, type: 3}
      propertyPath: m_LocalRotation.x
      value: -0
      objectReference: {fileID: 0}
    - target: {fileID: 7236471645864910181, guid: 157a4a50912edff4caeacd104b406867, type: 3}
      propertyPath: m_LocalRotation.y
      value: -0
      objectReference: {fileID: 0}
    - target: {fileID: 7236471645864910181, guid: 157a4a50912edff4caeacd104b406867, type: 3}
      propertyPath: m_LocalRotation.z
      value: -0
      objectReference: {fileID: 0}
    - target: {fileID: 7236471645864910181, guid: 157a4a50912edff4caeacd104b406867, type: 3}
      propertyPath: m_LocalRotation.w
      value: 1
      objectReference: {fileID: 0}
    - target: {fileID: 7236471645864910181, guid: 157a4a50912edff4caeacd104b406867, type: 3}
      propertyPath: m_RootOrder
      value: 3
      objectReference: {fileID: 0}
    - target: {fileID: 7236471645864910181, guid: 157a4a50912edff4caeacd104b406867, type: 3}
      propertyPath: m_LocalEulerAnglesHint.x
      value: 0
      objectReference: {fileID: 0}
    - target: {fileID: 7236471645864910181, guid: 157a4a50912edff4caeacd104b406867, type: 3}
      propertyPath: m_LocalEulerAnglesHint.y
      value: 0
      objectReference: {fileID: 0}
    - target: {fileID: 7236471645864910181, guid: 157a4a50912edff4caeacd104b406867, type: 3}
      propertyPath: m_LocalEulerAnglesHint.z
      value: 0
      objectReference: {fileID: 0}
    - target: {fileID: 7577202939885530264, guid: 157a4a50912edff4caeacd104b406867, type: 3}
      propertyPath: m_Name
      value: item (33)
      objectReference: {fileID: 0}
    m_RemovedComponents: []
  m_SourcePrefab: {fileID: 100100000, guid: 157a4a50912edff4caeacd104b406867, type: 3}
--- !u!1 &1460313737637690427 stripped
GameObject:
  m_CorrespondingSourceObject: {fileID: 7577202939885530264, guid: 157a4a50912edff4caeacd104b406867, type: 3}
  m_PrefabInstance: {fileID: 9035261501311045795}
  m_PrefabAsset: {fileID: 0}
--- !u!4 &1805572820543901126 stripped
Transform:
  m_CorrespondingSourceObject: {fileID: 7236471645864910181, guid: 157a4a50912edff4caeacd104b406867, type: 3}
  m_PrefabInstance: {fileID: 9035261501311045795}
  m_PrefabAsset: {fileID: 0}
--- !u!1001 &9156258790342309515
PrefabInstance:
  m_ObjectHideFlags: 0
  serializedVersion: 2
  m_Modification:
    m_TransformParent: {fileID: 7952765480203522874}
    m_Modifications:
    - target: {fileID: 591066624498981946, guid: 157a4a50912edff4caeacd104b406867, type: 3}
      propertyPath: m_Offset.y
      value: -0.1891613
      objectReference: {fileID: 0}
    - target: {fileID: 591066624498981946, guid: 157a4a50912edff4caeacd104b406867, type: 3}
      propertyPath: m_SpriteTilingProperty.oldSize.x
      value: 8.15
      objectReference: {fileID: 0}
    - target: {fileID: 591066624498981946, guid: 157a4a50912edff4caeacd104b406867, type: 3}
      propertyPath: m_SpriteTilingProperty.oldSize.y
      value: 4.42
      objectReference: {fileID: 0}
    - target: {fileID: 591066624498981946, guid: 157a4a50912edff4caeacd104b406867, type: 3}
      propertyPath: m_Size.y
      value: 3.6822014
      objectReference: {fileID: 0}
    - target: {fileID: 591066624498981946, guid: 157a4a50912edff4caeacd104b406867, type: 3}
      propertyPath: m_Offset.x
      value: 0.1247406
      objectReference: {fileID: 0}
    - target: {fileID: 591066624498981946, guid: 157a4a50912edff4caeacd104b406867, type: 3}
      propertyPath: m_Size.x
      value: 6.8772583
      objectReference: {fileID: 0}
    - target: {fileID: 1953755682489438366, guid: 157a4a50912edff4caeacd104b406867, type: 3}
      propertyPath: m_Sprite
      value: 
      objectReference: {fileID: 21300000, guid: 6d6c7373018c73b4a97f86da9ef12311, type: 3}
    - target: {fileID: 1953755682489438366, guid: 157a4a50912edff4caeacd104b406867, type: 3}
      propertyPath: m_SortingLayerID
      value: -725359351
      objectReference: {fileID: 0}
    - target: {fileID: 1953755682489438366, guid: 157a4a50912edff4caeacd104b406867, type: 3}
      propertyPath: m_SortingLayer
      value: 7
      objectReference: {fileID: 0}
    - target: {fileID: 1953755682489438366, guid: 157a4a50912edff4caeacd104b406867, type: 3}
      propertyPath: m_SortingOrder
      value: 116
      objectReference: {fileID: 0}
    - target: {fileID: 4766575064592363737, guid: 157a4a50912edff4caeacd104b406867, type: 3}
      propertyPath: layerSortingOrder
      value: 117
      objectReference: {fileID: 0}
    - target: {fileID: 4766575064592363737, guid: 157a4a50912edff4caeacd104b406867, type: 3}
      propertyPath: fx.Array.data[0]
      value: 
      objectReference: {fileID: 4230173638489732945, guid: db49728c29e90924aa2080d78033752b, type: 3}
    - target: {fileID: 4766575064592363737, guid: 157a4a50912edff4caeacd104b406867, type: 3}
      propertyPath: layerName
      value: LocationAlwaysTop
      objectReference: {fileID: 0}
    - target: {fileID: 7236471645864910181, guid: 157a4a50912edff4caeacd104b406867, type: 3}
      propertyPath: m_LocalPosition.x
      value: -1.2799988
      objectReference: {fileID: 0}
    - target: {fileID: 7236471645864910181, guid: 157a4a50912edff4caeacd104b406867, type: 3}
      propertyPath: m_LocalPosition.y
      value: 2.8
      objectReference: {fileID: 0}
    - target: {fileID: 7236471645864910181, guid: 157a4a50912edff4caeacd104b406867, type: 3}
      propertyPath: m_LocalPosition.z
      value: 0
      objectReference: {fileID: 0}
    - target: {fileID: 7236471645864910181, guid: 157a4a50912edff4caeacd104b406867, type: 3}
      propertyPath: m_LocalRotation.x
      value: -0
      objectReference: {fileID: 0}
    - target: {fileID: 7236471645864910181, guid: 157a4a50912edff4caeacd104b406867, type: 3}
      propertyPath: m_LocalRotation.y
      value: -0
      objectReference: {fileID: 0}
    - target: {fileID: 7236471645864910181, guid: 157a4a50912edff4caeacd104b406867, type: 3}
      propertyPath: m_LocalRotation.z
      value: -0
      objectReference: {fileID: 0}
    - target: {fileID: 7236471645864910181, guid: 157a4a50912edff4caeacd104b406867, type: 3}
      propertyPath: m_LocalRotation.w
      value: 1
      objectReference: {fileID: 0}
    - target: {fileID: 7236471645864910181, guid: 157a4a50912edff4caeacd104b406867, type: 3}
      propertyPath: m_RootOrder
      value: 0
      objectReference: {fileID: 0}
    - target: {fileID: 7236471645864910181, guid: 157a4a50912edff4caeacd104b406867, type: 3}
      propertyPath: m_LocalEulerAnglesHint.x
      value: 0
      objectReference: {fileID: 0}
    - target: {fileID: 7236471645864910181, guid: 157a4a50912edff4caeacd104b406867, type: 3}
      propertyPath: m_LocalEulerAnglesHint.y
      value: 0
      objectReference: {fileID: 0}
    - target: {fileID: 7236471645864910181, guid: 157a4a50912edff4caeacd104b406867, type: 3}
      propertyPath: m_LocalEulerAnglesHint.z
      value: 0
      objectReference: {fileID: 0}
    - target: {fileID: 7577202939885530264, guid: 157a4a50912edff4caeacd104b406867, type: 3}
      propertyPath: m_Name
      value: item (49)
      objectReference: {fileID: 0}
    - target: {fileID: 7577202939885530264, guid: 157a4a50912edff4caeacd104b406867, type: 3}
      propertyPath: m_Layer
      value: 16
      objectReference: {fileID: 0}
    m_RemovedComponents: []
  m_SourcePrefab: {fileID: 100100000, guid: 157a4a50912edff4caeacd104b406867, type: 3}
--- !u!4 &1980612162154949614 stripped
Transform:
  m_CorrespondingSourceObject: {fileID: 7236471645864910181, guid: 157a4a50912edff4caeacd104b406867, type: 3}
  m_PrefabInstance: {fileID: 9156258790342309515}
  m_PrefabAsset: {fileID: 0}
