%YAML 1.1
%TAG !u! tag:unity3d.com,2011:
--- !u!1 &966015108888232279
GameObject:
  m_ObjectHideFlags: 0
  m_CorrespondingSourceObject: {fileID: 0}
  m_PrefabInstance: {fileID: 0}
  m_PrefabAsset: {fileID: 0}
  serializedVersion: 6
  m_Component:
  - component: {fileID: 4139796717719939455}
  m_Layer: 0
  m_Name: x2_5
  m_TagString: Untagged
  m_Icon: {fileID: 0}
  m_NavMeshLayer: 0
  m_StaticEditorFlags: 0
  m_IsActive: 1
--- !u!4 &4139796717719939455
Transform:
  m_ObjectHideFlags: 0
  m_CorrespondingSourceObject: {fileID: 0}
  m_PrefabInstance: {fileID: 0}
  m_PrefabAsset: {fileID: 0}
  m_GameObject: {fileID: 966015108888232279}
  m_LocalRotation: {x: -0, y: -0, z: -0, w: 1}
  m_LocalPosition: {x: 0, y: 0, z: 0}
  m_LocalScale: {x: 1, y: 1, z: 1}
  m_Children:
  - {fileID: 6702565637131683486}
  - {fileID: 5900169532634201017}
  - {fileID: 2089114857214052997}
  - {fileID: 2506011569771143472}
  - {fileID: 6043897663749415961}
  - {fileID: 4069229504741151291}
  - {fileID: 1682408920099027093}
  m_Father: {fileID: 0}
  m_RootOrder: 0
  m_LocalEulerAnglesHint: {x: 0, y: 0, z: 0}
--- !u!114 &6495521640623713016
MonoBehaviour:
  m_ObjectHideFlags: 0
  m_CorrespondingSourceObject: {fileID: 0}
  m_PrefabInstance: {fileID: 0}
  m_PrefabAsset: {fileID: 0}
  m_GameObject: {fileID: 1275850848968571768}
  m_Enabled: 1
  m_EditorHideFlags: 0
  m_Script: {fileID: 11500000, guid: 43886320c50f3524cbfc3a9b1e8bb9c3, type: 3}
  m_Name: 
  m_EditorClassIdentifier: 
  imgs:
  - {fileID: 21300000, guid: cf5a93d5f2fee5341b0a521f43b2a088, type: 3}
  - {fileID: 21300000, guid: ff860bdd4e5e4e84aa7bedfb5a3d5e58, type: 3}
  - {fileID: 21300000, guid: 15618b6cb2fd531458a8ca82de3233a6, type: 3}
  - {fileID: 21300000, guid: 80741510bacf7fb4fad2e12269b7a452, type: 3}
  - {fileID: 21300000, guid: 60d857b28981f834d8900818831579f5, type: 3}
--- !u!114 &1914930273480728824
MonoBehaviour:
  m_ObjectHideFlags: 0
  m_CorrespondingSourceObject: {fileID: 0}
  m_PrefabInstance: {fileID: 0}
  m_PrefabAsset: {fileID: 0}
  m_GameObject: {fileID: 6821407065685235172}
  m_Enabled: 1
  m_EditorHideFlags: 0
  m_Script: {fileID: 11500000, guid: 43886320c50f3524cbfc3a9b1e8bb9c3, type: 3}
  m_Name: 
  m_EditorClassIdentifier: 
  imgs:
  - {fileID: 21300000, guid: f48d563824876b14fbac0ec22d82b799, type: 3}
  - {fileID: 21300000, guid: d7b59e45aa2e9b6448d28b98692e1d67, type: 3}
  - {fileID: 21300000, guid: ec93cd1e348e322458be8350ebec04ce, type: 3}
  - {fileID: 21300000, guid: dd8e773bec5966645b5308969dee6603, type: 3}
--- !u!1001 &1183933235833005335
PrefabInstance:
  m_ObjectHideFlags: 0
  serializedVersion: 2
  m_Modification:
    m_TransformParent: {fileID: 4139796717719939455}
    m_Modifications:
    - target: {fileID: 519938151996300674, guid: 301e22e8b249708498872b0c0cb02a8d, type: 3}
      propertyPath: m_LocalPosition.x
      value: -4.011688
      objectReference: {fileID: 0}
    - target: {fileID: 519938151996300674, guid: 301e22e8b249708498872b0c0cb02a8d, type: 3}
      propertyPath: m_LocalPosition.y
      value: 3.2
      objectReference: {fileID: 0}
    - target: {fileID: 519938151996300674, guid: 301e22e8b249708498872b0c0cb02a8d, type: 3}
      propertyPath: m_LocalPosition.z
      value: 0
      objectReference: {fileID: 0}
    - target: {fileID: 519938151996300674, guid: 301e22e8b249708498872b0c0cb02a8d, type: 3}
      propertyPath: m_LocalRotation.x
      value: -0
      objectReference: {fileID: 0}
    - target: {fileID: 519938151996300674, guid: 301e22e8b249708498872b0c0cb02a8d, type: 3}
      propertyPath: m_LocalRotation.y
      value: -0
      objectReference: {fileID: 0}
    - target: {fileID: 519938151996300674, guid: 301e22e8b249708498872b0c0cb02a8d, type: 3}
      propertyPath: m_LocalRotation.z
      value: -0
      objectReference: {fileID: 0}
    - target: {fileID: 519938151996300674, guid: 301e22e8b249708498872b0c0cb02a8d, type: 3}
      propertyPath: m_LocalRotation.w
      value: 1
      objectReference: {fileID: 0}
    - target: {fileID: 519938151996300674, guid: 301e22e8b249708498872b0c0cb02a8d, type: 3}
      propertyPath: m_RootOrder
      value: 6
      objectReference: {fileID: 0}
    - target: {fileID: 519938151996300674, guid: 301e22e8b249708498872b0c0cb02a8d, type: 3}
      propertyPath: m_LocalEulerAnglesHint.x
      value: 0
      objectReference: {fileID: 0}
    - target: {fileID: 519938151996300674, guid: 301e22e8b249708498872b0c0cb02a8d, type: 3}
      propertyPath: m_LocalEulerAnglesHint.y
      value: 0
      objectReference: {fileID: 0}
    - target: {fileID: 519938151996300674, guid: 301e22e8b249708498872b0c0cb02a8d, type: 3}
      propertyPath: m_LocalEulerAnglesHint.z
      value: 0
      objectReference: {fileID: 0}
    - target: {fileID: 519938151996300675, guid: 301e22e8b249708498872b0c0cb02a8d, type: 3}
      propertyPath: m_Name
      value: bottomCover (3)
      objectReference: {fileID: 0}
    m_RemovedComponents: []
  m_SourcePrefab: {fileID: 100100000, guid: 301e22e8b249708498872b0c0cb02a8d, type: 3}
--- !u!4 &1682408920099027093 stripped
Transform:
  m_CorrespondingSourceObject: {fileID: 519938151996300674, guid: 301e22e8b249708498872b0c0cb02a8d, type: 3}
  m_PrefabInstance: {fileID: 1183933235833005335}
  m_PrefabAsset: {fileID: 0}
--- !u!1001 &2409150719931016404
PrefabInstance:
  m_ObjectHideFlags: 0
  serializedVersion: 2
  m_Modification:
    m_TransformParent: {fileID: 4139796717719939455}
    m_Modifications:
    - target: {fileID: 1467458858315482898, guid: 982ad48a1ea510c469372dc0493ef07a, type: 3}
      propertyPath: m_Name
      value: item_phisics (41)
      objectReference: {fileID: 0}
    - target: {fileID: 1467458858315482898, guid: 982ad48a1ea510c469372dc0493ef07a, type: 3}
      propertyPath: m_Layer
      value: 16
      objectReference: {fileID: 0}
    - target: {fileID: 1808137508924421871, guid: 982ad48a1ea510c469372dc0493ef07a, type: 3}
      propertyPath: m_LocalPosition.x
      value: 1.4483032
      objectReference: {fileID: 0}
    - target: {fileID: 1808137508924421871, guid: 982ad48a1ea510c469372dc0493ef07a, type: 3}
      propertyPath: m_LocalPosition.y
      value: 5.52
      objectReference: {fileID: 0}
    - target: {fileID: 1808137508924421871, guid: 982ad48a1ea510c469372dc0493ef07a, type: 3}
      propertyPath: m_LocalPosition.z
      value: 0
      objectReference: {fileID: 0}
    - target: {fileID: 1808137508924421871, guid: 982ad48a1ea510c469372dc0493ef07a, type: 3}
      propertyPath: m_LocalRotation.x
      value: -0
      objectReference: {fileID: 0}
    - target: {fileID: 1808137508924421871, guid: 982ad48a1ea510c469372dc0493ef07a, type: 3}
      propertyPath: m_LocalRotation.y
      value: -0
      objectReference: {fileID: 0}
    - target: {fileID: 1808137508924421871, guid: 982ad48a1ea510c469372dc0493ef07a, type: 3}
      propertyPath: m_LocalRotation.z
      value: -0
      objectReference: {fileID: 0}
    - target: {fileID: 1808137508924421871, guid: 982ad48a1ea510c469372dc0493ef07a, type: 3}
      propertyPath: m_LocalRotation.w
      value: 1
      objectReference: {fileID: 0}
    - target: {fileID: 1808137508924421871, guid: 982ad48a1ea510c469372dc0493ef07a, type: 3}
      propertyPath: m_RootOrder
      value: 5
      objectReference: {fileID: 0}
    - target: {fileID: 1808137508924421871, guid: 982ad48a1ea510c469372dc0493ef07a, type: 3}
      propertyPath: m_LocalEulerAnglesHint.x
      value: 0
      objectReference: {fileID: 0}
    - target: {fileID: 1808137508924421871, guid: 982ad48a1ea510c469372dc0493ef07a, type: 3}
      propertyPath: m_LocalEulerAnglesHint.y
      value: 0
      objectReference: {fileID: 0}
    - target: {fileID: 1808137508924421871, guid: 982ad48a1ea510c469372dc0493ef07a, type: 3}
      propertyPath: m_LocalEulerAnglesHint.z
      value: 0
      objectReference: {fileID: 0}
    - target: {fileID: 2624718922426506853, guid: 982ad48a1ea510c469372dc0493ef07a, type: 3}
      propertyPath: m_Mass
      value: 5200
      objectReference: {fileID: 0}
    - target: {fileID: 6962764224025498906, guid: 982ad48a1ea510c469372dc0493ef07a, type: 3}
      propertyPath: layerSortingOrder
      value: 121
      objectReference: {fileID: 0}
    - target: {fileID: 6962764224025498906, guid: 982ad48a1ea510c469372dc0493ef07a, type: 3}
      propertyPath: fx.Array.data[0]
      value: 
      objectReference: {fileID: 4230173638489732945, guid: 6037c4ed50408a9458b1b5d4186e800b, type: 3}
    - target: {fileID: 6962764224025498906, guid: 982ad48a1ea510c469372dc0493ef07a, type: 3}
      propertyPath: layerName
      value: LocationAlwaysTop
      objectReference: {fileID: 0}
    - target: {fileID: 7379136522054155028, guid: 982ad48a1ea510c469372dc0493ef07a, type: 3}
      propertyPath: m_Sprite
      value: 
      objectReference: {fileID: 21300000, guid: e45b7257dc6030e42ad6eb889a6c5c07, type: 3}
    - target: {fileID: 7379136522054155028, guid: 982ad48a1ea510c469372dc0493ef07a, type: 3}
      propertyPath: m_SortingOrder
      value: 121
      objectReference: {fileID: 0}
    - target: {fileID: 7379136522054155028, guid: 982ad48a1ea510c469372dc0493ef07a, type: 3}
      propertyPath: m_SortingLayerID
      value: -725359351
      objectReference: {fileID: 0}
    - target: {fileID: 7379136522054155028, guid: 982ad48a1ea510c469372dc0493ef07a, type: 3}
      propertyPath: m_SortingLayer
      value: 7
      objectReference: {fileID: 0}
    - target: {fileID: 8451343442907297712, guid: 982ad48a1ea510c469372dc0493ef07a, type: 3}
      propertyPath: m_Offset.y
      value: 0.11458802
      objectReference: {fileID: 0}
    - target: {fileID: 8451343442907297712, guid: 982ad48a1ea510c469372dc0493ef07a, type: 3}
      propertyPath: m_SpriteTilingProperty.oldSize.x
      value: 5.95
      objectReference: {fileID: 0}
    - target: {fileID: 8451343442907297712, guid: 982ad48a1ea510c469372dc0493ef07a, type: 3}
      propertyPath: m_SpriteTilingProperty.oldSize.y
      value: 1.58
      objectReference: {fileID: 0}
    - target: {fileID: 8451343442907297712, guid: 982ad48a1ea510c469372dc0493ef07a, type: 3}
      propertyPath: m_Size.y
      value: 0.90318537
      objectReference: {fileID: 0}
    - target: {fileID: 8451343442907297712, guid: 982ad48a1ea510c469372dc0493ef07a, type: 3}
      propertyPath: m_Offset.x
      value: 0.072265625
      objectReference: {fileID: 0}
    - target: {fileID: 8451343442907297712, guid: 982ad48a1ea510c469372dc0493ef07a, type: 3}
      propertyPath: m_Size.x
      value: 5.1987305
      objectReference: {fileID: 0}
    m_RemovedComponents: []
  m_SourcePrefab: {fileID: 100100000, guid: 982ad48a1ea510c469372dc0493ef07a, type: 3}
--- !u!4 &4069229504741151291 stripped
Transform:
  m_CorrespondingSourceObject: {fileID: 1808137508924421871, guid: 982ad48a1ea510c469372dc0493ef07a, type: 3}
  m_PrefabInstance: {fileID: 2409150719931016404}
  m_PrefabAsset: {fileID: 0}
--- !u!1001 &2733707790254341298
PrefabInstance:
  m_ObjectHideFlags: 0
  serializedVersion: 2
  m_Modification:
    m_TransformParent: {fileID: 4139796717719939455}
    m_Modifications:
    - target: {fileID: 519938151996300674, guid: b71d743b2605d484c9c7890ca68e255d, type: 3}
      propertyPath: m_LocalPosition.x
      value: -6.941696
      objectReference: {fileID: 0}
    - target: {fileID: 519938151996300674, guid: b71d743b2605d484c9c7890ca68e255d, type: 3}
      propertyPath: m_LocalPosition.y
      value: 6.66
      objectReference: {fileID: 0}
    - target: {fileID: 519938151996300674, guid: b71d743b2605d484c9c7890ca68e255d, type: 3}
      propertyPath: m_LocalPosition.z
      value: 0
      objectReference: {fileID: 0}
    - target: {fileID: 519938151996300674, guid: b71d743b2605d484c9c7890ca68e255d, type: 3}
      propertyPath: m_LocalRotation.x
      value: -0
      objectReference: {fileID: 0}
    - target: {fileID: 519938151996300674, guid: b71d743b2605d484c9c7890ca68e255d, type: 3}
      propertyPath: m_LocalRotation.y
      value: -0
      objectReference: {fileID: 0}
    - target: {fileID: 519938151996300674, guid: b71d743b2605d484c9c7890ca68e255d, type: 3}
      propertyPath: m_LocalRotation.z
      value: -0
      objectReference: {fileID: 0}
    - target: {fileID: 519938151996300674, guid: b71d743b2605d484c9c7890ca68e255d, type: 3}
      propertyPath: m_LocalRotation.w
      value: 1
      objectReference: {fileID: 0}
    - target: {fileID: 519938151996300674, guid: b71d743b2605d484c9c7890ca68e255d, type: 3}
      propertyPath: m_RootOrder
      value: 3
      objectReference: {fileID: 0}
    - target: {fileID: 519938151996300674, guid: b71d743b2605d484c9c7890ca68e255d, type: 3}
      propertyPath: m_LocalEulerAnglesHint.x
      value: 0
      objectReference: {fileID: 0}
    - target: {fileID: 519938151996300674, guid: b71d743b2605d484c9c7890ca68e255d, type: 3}
      propertyPath: m_LocalEulerAnglesHint.y
      value: 0
      objectReference: {fileID: 0}
    - target: {fileID: 519938151996300674, guid: b71d743b2605d484c9c7890ca68e255d, type: 3}
      propertyPath: m_LocalEulerAnglesHint.z
      value: 0
      objectReference: {fileID: 0}
    - target: {fileID: 519938151996300675, guid: b71d743b2605d484c9c7890ca68e255d, type: 3}
      propertyPath: m_Name
      value: topCover (3)
      objectReference: {fileID: 0}
    - target: {fileID: 1098250236705618267, guid: b71d743b2605d484c9c7890ca68e255d, type: 3}
      propertyPath: coverAnimation
      value: CoverStand
      objectReference: {fileID: 0}
    m_RemovedComponents: []
  m_SourcePrefab: {fileID: 100100000, guid: b71d743b2605d484c9c7890ca68e255d, type: 3}
--- !u!4 &2506011569771143472 stripped
Transform:
  m_CorrespondingSourceObject: {fileID: 519938151996300674, guid: b71d743b2605d484c9c7890ca68e255d, type: 3}
  m_PrefabInstance: {fileID: 2733707790254341298}
  m_PrefabAsset: {fileID: 0}
--- !u!1001 &4002891344315824508
PrefabInstance:
  m_ObjectHideFlags: 0
  serializedVersion: 2
  m_Modification:
    m_TransformParent: {fileID: 4139796717719939455}
    m_Modifications:
    - target: {fileID: 591066624498981946, guid: 157a4a50912edff4caeacd104b406867, type: 3}
      propertyPath: m_Offset.y
      value: -0.27821112
      objectReference: {fileID: 0}
    - target: {fileID: 591066624498981946, guid: 157a4a50912edff4caeacd104b406867, type: 3}
      propertyPath: m_SpriteTilingProperty.oldSize.x
      value: 6.72
      objectReference: {fileID: 0}
    - target: {fileID: 591066624498981946, guid: 157a4a50912edff4caeacd104b406867, type: 3}
      propertyPath: m_SpriteTilingProperty.oldSize.y
      value: 12.88
      objectReference: {fileID: 0}
    - target: {fileID: 591066624498981946, guid: 157a4a50912edff4caeacd104b406867, type: 3}
      propertyPath: m_Size.y
      value: 12.224337
      objectReference: {fileID: 0}
    - target: {fileID: 591066624498981946, guid: 157a4a50912edff4caeacd104b406867, type: 3}
      propertyPath: m_Offset.x
      value: 0.046707153
      objectReference: {fileID: 0}
    - target: {fileID: 591066624498981946, guid: 157a4a50912edff4caeacd104b406867, type: 3}
      propertyPath: m_Size.x
      value: 5.18396
      objectReference: {fileID: 0}
    - target: {fileID: 1953755682489438366, guid: 157a4a50912edff4caeacd104b406867, type: 3}
      propertyPath: m_Sprite
      value: 
      objectReference: {fileID: 21300000, guid: ec93cd1e348e322458be8350ebec04ce, type: 3}
    - target: {fileID: 1953755682489438366, guid: 157a4a50912edff4caeacd104b406867, type: 3}
      propertyPath: m_SortingLayerID
      value: -1332208547
      objectReference: {fileID: 0}
    - target: {fileID: 1953755682489438366, guid: 157a4a50912edff4caeacd104b406867, type: 3}
      propertyPath: m_SortingLayer
      value: 1
      objectReference: {fileID: 0}
    - target: {fileID: 1953755682489438366, guid: 157a4a50912edff4caeacd104b406867, type: 3}
      propertyPath: m_SortingOrder
      value: 108
      objectReference: {fileID: 0}
    - target: {fileID: 4766575064592363737, guid: 157a4a50912edff4caeacd104b406867, type: 3}
      propertyPath: layerSortingOrder
      value: 109
      objectReference: {fileID: 0}
    - target: {fileID: 4766575064592363737, guid: 157a4a50912edff4caeacd104b406867, type: 3}
      propertyPath: fx.Array.data[0]
      value: 
      objectReference: {fileID: 4230173638489732945, guid: 6037c4ed50408a9458b1b5d4186e800b, type: 3}
    - target: {fileID: 7236471645864910181, guid: 157a4a50912edff4caeacd104b406867, type: 3}
      propertyPath: m_LocalPosition.x
      value: -1.6416931
      objectReference: {fileID: 0}
    - target: {fileID: 7236471645864910181, guid: 157a4a50912edff4caeacd104b406867, type: 3}
      propertyPath: m_LocalPosition.y
      value: 7.82
      objectReference: {fileID: 0}
    - target: {fileID: 7236471645864910181, guid: 157a4a50912edff4caeacd104b406867, type: 3}
      propertyPath: m_LocalPosition.z
      value: 0
      objectReference: {fileID: 0}
    - target: {fileID: 7236471645864910181, guid: 157a4a50912edff4caeacd104b406867, type: 3}
      propertyPath: m_LocalRotation.x
      value: -0
      objectReference: {fileID: 0}
    - target: {fileID: 7236471645864910181, guid: 157a4a50912edff4caeacd104b406867, type: 3}
      propertyPath: m_LocalRotation.y
      value: -0
      objectReference: {fileID: 0}
    - target: {fileID: 7236471645864910181, guid: 157a4a50912edff4caeacd104b406867, type: 3}
      propertyPath: m_LocalRotation.z
      value: -0
      objectReference: {fileID: 0}
    - target: {fileID: 7236471645864910181, guid: 157a4a50912edff4caeacd104b406867, type: 3}
      propertyPath: m_LocalRotation.w
      value: 1
      objectReference: {fileID: 0}
    - target: {fileID: 7236471645864910181, guid: 157a4a50912edff4caeacd104b406867, type: 3}
      propertyPath: m_RootOrder
      value: 4
      objectReference: {fileID: 0}
    - target: {fileID: 7236471645864910181, guid: 157a4a50912edff4caeacd104b406867, type: 3}
      propertyPath: m_LocalEulerAnglesHint.x
      value: 0
      objectReference: {fileID: 0}
    - target: {fileID: 7236471645864910181, guid: 157a4a50912edff4caeacd104b406867, type: 3}
      propertyPath: m_LocalEulerAnglesHint.y
      value: 0
      objectReference: {fileID: 0}
    - target: {fileID: 7236471645864910181, guid: 157a4a50912edff4caeacd104b406867, type: 3}
      propertyPath: m_LocalEulerAnglesHint.z
      value: 0
      objectReference: {fileID: 0}
    - target: {fileID: 7577202939885530264, guid: 157a4a50912edff4caeacd104b406867, type: 3}
      propertyPath: m_Name
      value: item (7)
      objectReference: {fileID: 0}
    m_RemovedComponents: []
  m_SourcePrefab: {fileID: 100100000, guid: 157a4a50912edff4caeacd104b406867, type: 3}
--- !u!1 &6821407065685235172 stripped
GameObject:
  m_CorrespondingSourceObject: {fileID: 7577202939885530264, guid: 157a4a50912edff4caeacd104b406867, type: 3}
  m_PrefabInstance: {fileID: 4002891344315824508}
  m_PrefabAsset: {fileID: 0}
--- !u!4 &6043897663749415961 stripped
Transform:
  m_CorrespondingSourceObject: {fileID: 7236471645864910181, guid: 157a4a50912edff4caeacd104b406867, type: 3}
  m_PrefabInstance: {fileID: 4002891344315824508}
  m_PrefabAsset: {fileID: 0}
--- !u!1001 &6257377931590886971
PrefabInstance:
  m_ObjectHideFlags: 0
  serializedVersion: 2
  m_Modification:
    m_TransformParent: {fileID: 4139796717719939455}
    m_Modifications:
    - target: {fileID: 519938151996300674, guid: 92351839aee6c7c47ae8da4eaf5184e9, type: 3}
      propertyPath: m_LocalPosition.x
      value: 7.578308
      objectReference: {fileID: 0}
    - target: {fileID: 519938151996300674, guid: 92351839aee6c7c47ae8da4eaf5184e9, type: 3}
      propertyPath: m_LocalPosition.y
      value: 3.2
      objectReference: {fileID: 0}
    - target: {fileID: 519938151996300674, guid: 92351839aee6c7c47ae8da4eaf5184e9, type: 3}
      propertyPath: m_LocalPosition.z
      value: 0
      objectReference: {fileID: 0}
    - target: {fileID: 519938151996300674, guid: 92351839aee6c7c47ae8da4eaf5184e9, type: 3}
      propertyPath: m_LocalRotation.x
      value: -0
      objectReference: {fileID: 0}
    - target: {fileID: 519938151996300674, guid: 92351839aee6c7c47ae8da4eaf5184e9, type: 3}
      propertyPath: m_LocalRotation.y
      value: -0
      objectReference: {fileID: 0}
    - target: {fileID: 519938151996300674, guid: 92351839aee6c7c47ae8da4eaf5184e9, type: 3}
      propertyPath: m_LocalRotation.z
      value: -0
      objectReference: {fileID: 0}
    - target: {fileID: 519938151996300674, guid: 92351839aee6c7c47ae8da4eaf5184e9, type: 3}
      propertyPath: m_LocalRotation.w
      value: 1
      objectReference: {fileID: 0}
    - target: {fileID: 519938151996300674, guid: 92351839aee6c7c47ae8da4eaf5184e9, type: 3}
      propertyPath: m_RootOrder
      value: 1
      objectReference: {fileID: 0}
    - target: {fileID: 519938151996300674, guid: 92351839aee6c7c47ae8da4eaf5184e9, type: 3}
      propertyPath: m_LocalEulerAnglesHint.x
      value: 0
      objectReference: {fileID: 0}
    - target: {fileID: 519938151996300674, guid: 92351839aee6c7c47ae8da4eaf5184e9, type: 3}
      propertyPath: m_LocalEulerAnglesHint.y
      value: 0
      objectReference: {fileID: 0}
    - target: {fileID: 519938151996300674, guid: 92351839aee6c7c47ae8da4eaf5184e9, type: 3}
      propertyPath: m_LocalEulerAnglesHint.z
      value: 0
      objectReference: {fileID: 0}
    - target: {fileID: 519938151996300675, guid: 92351839aee6c7c47ae8da4eaf5184e9, type: 3}
      propertyPath: m_Name
      value: bottomCover_rev (3)
      objectReference: {fileID: 0}
    m_RemovedComponents: []
  m_SourcePrefab: {fileID: 100100000, guid: 92351839aee6c7c47ae8da4eaf5184e9, type: 3}
--- !u!4 &5900169532634201017 stripped
Transform:
  m_CorrespondingSourceObject: {fileID: 519938151996300674, guid: 92351839aee6c7c47ae8da4eaf5184e9, type: 3}
  m_PrefabInstance: {fileID: 6257377931590886971}
  m_PrefabAsset: {fileID: 0}
--- !u!1001 &6499674004365826844
PrefabInstance:
  m_ObjectHideFlags: 0
  serializedVersion: 2
  m_Modification:
    m_TransformParent: {fileID: 4139796717719939455}
    m_Modifications:
    - target: {fileID: 519938151996300674, guid: 3a7f48dbd9d31d64ba88177c80bf4e30, type: 3}
      propertyPath: m_LocalPosition.x
      value: 3.7882996
      objectReference: {fileID: 0}
    - target: {fileID: 519938151996300674, guid: 3a7f48dbd9d31d64ba88177c80bf4e30, type: 3}
      propertyPath: m_LocalPosition.y
      value: 6.66
      objectReference: {fileID: 0}
    - target: {fileID: 519938151996300674, guid: 3a7f48dbd9d31d64ba88177c80bf4e30, type: 3}
      propertyPath: m_LocalPosition.z
      value: 0
      objectReference: {fileID: 0}
    - target: {fileID: 519938151996300674, guid: 3a7f48dbd9d31d64ba88177c80bf4e30, type: 3}
      propertyPath: m_LocalRotation.x
      value: -0
      objectReference: {fileID: 0}
    - target: {fileID: 519938151996300674, guid: 3a7f48dbd9d31d64ba88177c80bf4e30, type: 3}
      propertyPath: m_LocalRotation.y
      value: -0
      objectReference: {fileID: 0}
    - target: {fileID: 519938151996300674, guid: 3a7f48dbd9d31d64ba88177c80bf4e30, type: 3}
      propertyPath: m_LocalRotation.z
      value: -0
      objectReference: {fileID: 0}
    - target: {fileID: 519938151996300674, guid: 3a7f48dbd9d31d64ba88177c80bf4e30, type: 3}
      propertyPath: m_LocalRotation.w
      value: 1
      objectReference: {fileID: 0}
    - target: {fileID: 519938151996300674, guid: 3a7f48dbd9d31d64ba88177c80bf4e30, type: 3}
      propertyPath: m_RootOrder
      value: 0
      objectReference: {fileID: 0}
    - target: {fileID: 519938151996300674, guid: 3a7f48dbd9d31d64ba88177c80bf4e30, type: 3}
      propertyPath: m_LocalEulerAnglesHint.x
      value: 0
      objectReference: {fileID: 0}
    - target: {fileID: 519938151996300674, guid: 3a7f48dbd9d31d64ba88177c80bf4e30, type: 3}
      propertyPath: m_LocalEulerAnglesHint.y
      value: 0
      objectReference: {fileID: 0}
    - target: {fileID: 519938151996300674, guid: 3a7f48dbd9d31d64ba88177c80bf4e30, type: 3}
      propertyPath: m_LocalEulerAnglesHint.z
      value: 0
      objectReference: {fileID: 0}
    - target: {fileID: 519938151996300675, guid: 3a7f48dbd9d31d64ba88177c80bf4e30, type: 3}
      propertyPath: m_Name
      value: topCover_rev (3)
      objectReference: {fileID: 0}
    - target: {fileID: 1098250236705618267, guid: 3a7f48dbd9d31d64ba88177c80bf4e30, type: 3}
      propertyPath: coverAnimation
      value: CoverStand
      objectReference: {fileID: 0}
    m_RemovedComponents: []
  m_SourcePrefab: {fileID: 100100000, guid: 3a7f48dbd9d31d64ba88177c80bf4e30, type: 3}
--- !u!4 &6702565637131683486 stripped
Transform:
  m_CorrespondingSourceObject: {fileID: 519938151996300674, guid: 3a7f48dbd9d31d64ba88177c80bf4e30, type: 3}
  m_PrefabInstance: {fileID: 6499674004365826844}
  m_PrefabAsset: {fileID: 0}
--- !u!1001 &8688317225096632288
PrefabInstance:
  m_ObjectHideFlags: 0
  serializedVersion: 2
  m_Modification:
    m_TransformParent: {fileID: 4139796717719939455}
    m_Modifications:
    - target: {fileID: 591066624498981946, guid: 157a4a50912edff4caeacd104b406867, type: 3}
      propertyPath: m_Offset.y
      value: -0.12331927
      objectReference: {fileID: 0}
    - target: {fileID: 591066624498981946, guid: 157a4a50912edff4caeacd104b406867, type: 3}
      propertyPath: m_SpriteTilingProperty.oldSize.x
      value: 8.42
      objectReference: {fileID: 0}
    - target: {fileID: 591066624498981946, guid: 157a4a50912edff4caeacd104b406867, type: 3}
      propertyPath: m_SpriteTilingProperty.oldSize.y
      value: 7.95
      objectReference: {fileID: 0}
    - target: {fileID: 591066624498981946, guid: 157a4a50912edff4caeacd104b406867, type: 3}
      propertyPath: m_Size.y
      value: 7.439908
      objectReference: {fileID: 0}
    - target: {fileID: 591066624498981946, guid: 157a4a50912edff4caeacd104b406867, type: 3}
      propertyPath: m_Offset.x
      value: -0.21763611
      objectReference: {fileID: 0}
    - target: {fileID: 591066624498981946, guid: 157a4a50912edff4caeacd104b406867, type: 3}
      propertyPath: m_Size.x
      value: 5.2879333
      objectReference: {fileID: 0}
    - target: {fileID: 1953755682489438366, guid: 157a4a50912edff4caeacd104b406867, type: 3}
      propertyPath: m_Sprite
      value: 
      objectReference: {fileID: 21300000, guid: 60d857b28981f834d8900818831579f5, type: 3}
    - target: {fileID: 1953755682489438366, guid: 157a4a50912edff4caeacd104b406867, type: 3}
      propertyPath: m_SortingLayerID
      value: -725359351
      objectReference: {fileID: 0}
    - target: {fileID: 1953755682489438366, guid: 157a4a50912edff4caeacd104b406867, type: 3}
      propertyPath: m_SortingLayer
      value: 7
      objectReference: {fileID: 0}
    - target: {fileID: 1953755682489438366, guid: 157a4a50912edff4caeacd104b406867, type: 3}
      propertyPath: m_SortingOrder
      value: 110
      objectReference: {fileID: 0}
    - target: {fileID: 4766575064592363737, guid: 157a4a50912edff4caeacd104b406867, type: 3}
      propertyPath: layerSortingOrder
      value: 111
      objectReference: {fileID: 0}
    - target: {fileID: 4766575064592363737, guid: 157a4a50912edff4caeacd104b406867, type: 3}
      propertyPath: fx.Array.data[0]
      value: 
      objectReference: {fileID: 4230173638489732945, guid: 6037c4ed50408a9458b1b5d4186e800b, type: 3}
    - target: {fileID: 4766575064592363737, guid: 157a4a50912edff4caeacd104b406867, type: 3}
      propertyPath: layerName
      value: LocationAlwaysTop
      objectReference: {fileID: 0}
    - target: {fileID: 7236471645864910181, guid: 157a4a50912edff4caeacd104b406867, type: 3}
      propertyPath: m_LocalPosition.x
      value: 1.9883118
      objectReference: {fileID: 0}
    - target: {fileID: 7236471645864910181, guid: 157a4a50912edff4caeacd104b406867, type: 3}
      propertyPath: m_LocalPosition.y
      value: 1.53
      objectReference: {fileID: 0}
    - target: {fileID: 7236471645864910181, guid: 157a4a50912edff4caeacd104b406867, type: 3}
      propertyPath: m_LocalPosition.z
      value: 0
      objectReference: {fileID: 0}
    - target: {fileID: 7236471645864910181, guid: 157a4a50912edff4caeacd104b406867, type: 3}
      propertyPath: m_LocalRotation.x
      value: -0
      objectReference: {fileID: 0}
    - target: {fileID: 7236471645864910181, guid: 157a4a50912edff4caeacd104b406867, type: 3}
      propertyPath: m_LocalRotation.y
      value: -0
      objectReference: {fileID: 0}
    - target: {fileID: 7236471645864910181, guid: 157a4a50912edff4caeacd104b406867, type: 3}
      propertyPath: m_LocalRotation.z
      value: -0
      objectReference: {fileID: 0}
    - target: {fileID: 7236471645864910181, guid: 157a4a50912edff4caeacd104b406867, type: 3}
      propertyPath: m_LocalRotation.w
      value: 1
      objectReference: {fileID: 0}
    - target: {fileID: 7236471645864910181, guid: 157a4a50912edff4caeacd104b406867, type: 3}
      propertyPath: m_RootOrder
      value: 2
      objectReference: {fileID: 0}
    - target: {fileID: 7236471645864910181, guid: 157a4a50912edff4caeacd104b406867, type: 3}
      propertyPath: m_LocalEulerAnglesHint.x
      value: 0
      objectReference: {fileID: 0}
    - target: {fileID: 7236471645864910181, guid: 157a4a50912edff4caeacd104b406867, type: 3}
      propertyPath: m_LocalEulerAnglesHint.y
      value: 0
      objectReference: {fileID: 0}
    - target: {fileID: 7236471645864910181, guid: 157a4a50912edff4caeacd104b406867, type: 3}
      propertyPath: m_LocalEulerAnglesHint.z
      value: 0
      objectReference: {fileID: 0}
    - target: {fileID: 7577202939885530264, guid: 157a4a50912edff4caeacd104b406867, type: 3}
      propertyPath: m_Name
      value: item (26)
      objectReference: {fileID: 0}
    - target: {fileID: 7577202939885530264, guid: 157a4a50912edff4caeacd104b406867, type: 3}
      propertyPath: m_Layer
      value: 16
      objectReference: {fileID: 0}
    m_RemovedComponents: []
  m_SourcePrefab: {fileID: 100100000, guid: 157a4a50912edff4caeacd104b406867, type: 3}
--- !u!1 &1275850848968571768 stripped
GameObject:
  m_CorrespondingSourceObject: {fileID: 7577202939885530264, guid: 157a4a50912edff4caeacd104b406867, type: 3}
  m_PrefabInstance: {fileID: 8688317225096632288}
  m_PrefabAsset: {fileID: 0}
--- !u!4 &2089114857214052997 stripped
Transform:
  m_CorrespondingSourceObject: {fileID: 7236471645864910181, guid: 157a4a50912edff4caeacd104b406867, type: 3}
  m_PrefabInstance: {fileID: 8688317225096632288}
  m_PrefabAsset: {fileID: 0}
