%YAML 1.1
%TAG !u! tag:unity3d.com,2011:
--- !u!114 &1733409834497022800
MonoBehaviour:
  m_ObjectHideFlags: 0
  m_CorrespondingSourceObject: {fileID: 0}
  m_PrefabInstance: {fileID: 0}
  m_PrefabAsset: {fileID: 0}
  m_GameObject: {fileID: 2976301408887363573}
  m_Enabled: 1
  m_EditorHideFlags: 0
  m_Script: {fileID: 11500000, guid: 43886320c50f3524cbfc3a9b1e8bb9c3, type: 3}
  m_Name: 
  m_EditorClassIdentifier: 
  imgs:
  - {fileID: 21300000, guid: 112ba117dedba254fb68bda26b782e3d, type: 3}
  - {fileID: 21300000, guid: 880efadeb65be0b43af9c181f0d2c52f, type: 3}
  - {fileID: 21300000, guid: 6e0dea140ed7f6f488348b31a6aa24ed, type: 3}
  - {fileID: 21300000, guid: 87d82a4ba66c8004485d6541ee99b407, type: 3}
--- !u!1 &6970720900211189563
GameObject:
  m_ObjectHideFlags: 0
  m_CorrespondingSourceObject: {fileID: 0}
  m_PrefabInstance: {fileID: 0}
  m_PrefabAsset: {fileID: 0}
  serializedVersion: 6
  m_Component:
  - component: {fileID: 4832415507374280686}
  m_Layer: 0
  m_Name: x1_6
  m_TagString: Untagged
  m_Icon: {fileID: 0}
  m_NavMeshLayer: 0
  m_StaticEditorFlags: 0
  m_IsActive: 1
--- !u!4 &4832415507374280686
Transform:
  m_ObjectHideFlags: 0
  m_CorrespondingSourceObject: {fileID: 0}
  m_PrefabInstance: {fileID: 0}
  m_PrefabAsset: {fileID: 0}
  m_GameObject: {fileID: 6970720900211189563}
  m_LocalRotation: {x: -0, y: -0, z: -0, w: 1}
  m_LocalPosition: {x: 0, y: 0, z: 0}
  m_LocalScale: {x: 1, y: 1, z: 1}
  m_Children:
  - {fileID: 2596130770215183880}
  - {fileID: 8796349910148552426}
  - {fileID: 6304394839059644635}
  - {fileID: 193362707434086187}
  - {fileID: 5438131737480978314}
  - {fileID: 3732287806697261500}
  m_Father: {fileID: 0}
  m_RootOrder: 0
  m_LocalEulerAnglesHint: {x: 0, y: 0, z: 0}
--- !u!1001 &1997695150198188484
PrefabInstance:
  m_ObjectHideFlags: 0
  serializedVersion: 2
  m_Modification:
    m_TransformParent: {fileID: 4832415507374280686}
    m_Modifications:
    - target: {fileID: 1467458858315482898, guid: 982ad48a1ea510c469372dc0493ef07a, type: 3}
      propertyPath: m_Name
      value: item_phisics (19)
      objectReference: {fileID: 0}
    - target: {fileID: 1808137508924421871, guid: 982ad48a1ea510c469372dc0493ef07a, type: 3}
      propertyPath: m_LocalPosition.x
      value: -1.7546844
      objectReference: {fileID: 0}
    - target: {fileID: 1808137508924421871, guid: 982ad48a1ea510c469372dc0493ef07a, type: 3}
      propertyPath: m_LocalPosition.y
      value: 7.238
      objectReference: {fileID: 0}
    - target: {fileID: 1808137508924421871, guid: 982ad48a1ea510c469372dc0493ef07a, type: 3}
      propertyPath: m_LocalPosition.z
      value: 0
      objectReference: {fileID: 0}
    - target: {fileID: 1808137508924421871, guid: 982ad48a1ea510c469372dc0493ef07a, type: 3}
      propertyPath: m_LocalRotation.x
      value: -0
      objectReference: {fileID: 0}
    - target: {fileID: 1808137508924421871, guid: 982ad48a1ea510c469372dc0493ef07a, type: 3}
      propertyPath: m_LocalRotation.y
      value: -0
      objectReference: {fileID: 0}
    - target: {fileID: 1808137508924421871, guid: 982ad48a1ea510c469372dc0493ef07a, type: 3}
      propertyPath: m_LocalRotation.z
      value: -0
      objectReference: {fileID: 0}
    - target: {fileID: 1808137508924421871, guid: 982ad48a1ea510c469372dc0493ef07a, type: 3}
      propertyPath: m_LocalRotation.w
      value: 1
      objectReference: {fileID: 0}
    - target: {fileID: 1808137508924421871, guid: 982ad48a1ea510c469372dc0493ef07a, type: 3}
      propertyPath: m_RootOrder
      value: 3
      objectReference: {fileID: 0}
    - target: {fileID: 1808137508924421871, guid: 982ad48a1ea510c469372dc0493ef07a, type: 3}
      propertyPath: m_LocalEulerAnglesHint.x
      value: 0
      objectReference: {fileID: 0}
    - target: {fileID: 1808137508924421871, guid: 982ad48a1ea510c469372dc0493ef07a, type: 3}
      propertyPath: m_LocalEulerAnglesHint.y
      value: 0
      objectReference: {fileID: 0}
    - target: {fileID: 1808137508924421871, guid: 982ad48a1ea510c469372dc0493ef07a, type: 3}
      propertyPath: m_LocalEulerAnglesHint.z
      value: 0
      objectReference: {fileID: 0}
    - target: {fileID: 2624718922426506853, guid: 982ad48a1ea510c469372dc0493ef07a, type: 3}
      propertyPath: m_Mass
      value: 250
      objectReference: {fileID: 0}
    - target: {fileID: 6962764224025498906, guid: 982ad48a1ea510c469372dc0493ef07a, type: 3}
      propertyPath: layerSortingOrder
      value: 121
      objectReference: {fileID: 0}
    - target: {fileID: 6962764224025498906, guid: 982ad48a1ea510c469372dc0493ef07a, type: 3}
      propertyPath: fx.Array.data[0]
      value: 
      objectReference: {fileID: 4230173638489732945, guid: 6ddc61e66856865489439cb03a688454, type: 3}
    - target: {fileID: 7379136522054155028, guid: 982ad48a1ea510c469372dc0493ef07a, type: 3}
      propertyPath: m_Sprite
      value: 
      objectReference: {fileID: -987808876360225122, guid: 9d9596d8af116f2458086e9a828b64e2, type: 3}
    - target: {fileID: 7379136522054155028, guid: 982ad48a1ea510c469372dc0493ef07a, type: 3}
      propertyPath: m_SortingOrder
      value: 120
      objectReference: {fileID: 0}
    - target: {fileID: 8451343442907297712, guid: 982ad48a1ea510c469372dc0493ef07a, type: 3}
      propertyPath: m_Offset.y
      value: -0.15924501
      objectReference: {fileID: 0}
    - target: {fileID: 8451343442907297712, guid: 982ad48a1ea510c469372dc0493ef07a, type: 3}
      propertyPath: m_SpriteTilingProperty.oldSize.x
      value: 0.81
      objectReference: {fileID: 0}
    - target: {fileID: 8451343442907297712, guid: 982ad48a1ea510c469372dc0493ef07a, type: 3}
      propertyPath: m_SpriteTilingProperty.oldSize.y
      value: 0.81
      objectReference: {fileID: 0}
    - target: {fileID: 8451343442907297712, guid: 982ad48a1ea510c469372dc0493ef07a, type: 3}
      propertyPath: m_Size.y
      value: 1.0155954
      objectReference: {fileID: 0}
    - target: {fileID: 8451343442907297712, guid: 982ad48a1ea510c469372dc0493ef07a, type: 3}
      propertyPath: m_Offset.x
      value: 0.09070587
      objectReference: {fileID: 0}
    - target: {fileID: 8451343442907297712, guid: 982ad48a1ea510c469372dc0493ef07a, type: 3}
      propertyPath: m_Size.x
      value: 0.4513092
      objectReference: {fileID: 0}
    m_RemovedComponents: []
  m_SourcePrefab: {fileID: 100100000, guid: 982ad48a1ea510c469372dc0493ef07a, type: 3}
--- !u!4 &193362707434086187 stripped
Transform:
  m_CorrespondingSourceObject: {fileID: 1808137508924421871, guid: 982ad48a1ea510c469372dc0493ef07a, type: 3}
  m_PrefabInstance: {fileID: 1997695150198188484}
  m_PrefabAsset: {fileID: 0}
--- !u!1001 &3088471538946129747
PrefabInstance:
  m_ObjectHideFlags: 0
  serializedVersion: 2
  m_Modification:
    m_TransformParent: {fileID: 4832415507374280686}
    m_Modifications:
    - target: {fileID: 1467458858315482898, guid: 982ad48a1ea510c469372dc0493ef07a, type: 3}
      propertyPath: m_Name
      value: item_phisics (21)
      objectReference: {fileID: 0}
    - target: {fileID: 1808137508924421871, guid: 982ad48a1ea510c469372dc0493ef07a, type: 3}
      propertyPath: m_LocalPosition.x
      value: 1.284317
      objectReference: {fileID: 0}
    - target: {fileID: 1808137508924421871, guid: 982ad48a1ea510c469372dc0493ef07a, type: 3}
      propertyPath: m_LocalPosition.y
      value: 6.92
      objectReference: {fileID: 0}
    - target: {fileID: 1808137508924421871, guid: 982ad48a1ea510c469372dc0493ef07a, type: 3}
      propertyPath: m_LocalPosition.z
      value: 0
      objectReference: {fileID: 0}
    - target: {fileID: 1808137508924421871, guid: 982ad48a1ea510c469372dc0493ef07a, type: 3}
      propertyPath: m_LocalRotation.x
      value: -0
      objectReference: {fileID: 0}
    - target: {fileID: 1808137508924421871, guid: 982ad48a1ea510c469372dc0493ef07a, type: 3}
      propertyPath: m_LocalRotation.y
      value: -0
      objectReference: {fileID: 0}
    - target: {fileID: 1808137508924421871, guid: 982ad48a1ea510c469372dc0493ef07a, type: 3}
      propertyPath: m_LocalRotation.z
      value: -0
      objectReference: {fileID: 0}
    - target: {fileID: 1808137508924421871, guid: 982ad48a1ea510c469372dc0493ef07a, type: 3}
      propertyPath: m_LocalRotation.w
      value: 1
      objectReference: {fileID: 0}
    - target: {fileID: 1808137508924421871, guid: 982ad48a1ea510c469372dc0493ef07a, type: 3}
      propertyPath: m_RootOrder
      value: 5
      objectReference: {fileID: 0}
    - target: {fileID: 1808137508924421871, guid: 982ad48a1ea510c469372dc0493ef07a, type: 3}
      propertyPath: m_LocalEulerAnglesHint.x
      value: 0
      objectReference: {fileID: 0}
    - target: {fileID: 1808137508924421871, guid: 982ad48a1ea510c469372dc0493ef07a, type: 3}
      propertyPath: m_LocalEulerAnglesHint.y
      value: 0
      objectReference: {fileID: 0}
    - target: {fileID: 1808137508924421871, guid: 982ad48a1ea510c469372dc0493ef07a, type: 3}
      propertyPath: m_LocalEulerAnglesHint.z
      value: 0
      objectReference: {fileID: 0}
    - target: {fileID: 2624718922426506853, guid: 982ad48a1ea510c469372dc0493ef07a, type: 3}
      propertyPath: m_Mass
      value: 250
      objectReference: {fileID: 0}
    - target: {fileID: 6962764224025498906, guid: 982ad48a1ea510c469372dc0493ef07a, type: 3}
      propertyPath: layerSortingOrder
      value: 121
      objectReference: {fileID: 0}
    - target: {fileID: 6962764224025498906, guid: 982ad48a1ea510c469372dc0493ef07a, type: 3}
      propertyPath: fx.Array.data[0]
      value: 
      objectReference: {fileID: 4230173638489732945, guid: 6ddc61e66856865489439cb03a688454, type: 3}
    - target: {fileID: 7379136522054155028, guid: 982ad48a1ea510c469372dc0493ef07a, type: 3}
      propertyPath: m_Sprite
      value: 
      objectReference: {fileID: -987808876360225122, guid: 9d9596d8af116f2458086e9a828b64e2, type: 3}
    - target: {fileID: 7379136522054155028, guid: 982ad48a1ea510c469372dc0493ef07a, type: 3}
      propertyPath: m_SortingOrder
      value: 120
      objectReference: {fileID: 0}
    - target: {fileID: 7379136522054155028, guid: 982ad48a1ea510c469372dc0493ef07a, type: 3}
      propertyPath: m_FlipX
      value: 1
      objectReference: {fileID: 0}
    - target: {fileID: 8451343442907297712, guid: 982ad48a1ea510c469372dc0493ef07a, type: 3}
      propertyPath: m_Offset.y
      value: -0.00015926361
      objectReference: {fileID: 0}
    - target: {fileID: 8451343442907297712, guid: 982ad48a1ea510c469372dc0493ef07a, type: 3}
      propertyPath: m_SpriteTilingProperty.oldSize.x
      value: 0.81
      objectReference: {fileID: 0}
    - target: {fileID: 8451343442907297712, guid: 982ad48a1ea510c469372dc0493ef07a, type: 3}
      propertyPath: m_SpriteTilingProperty.oldSize.y
      value: 0.81
      objectReference: {fileID: 0}
    - target: {fileID: 8451343442907297712, guid: 982ad48a1ea510c469372dc0493ef07a, type: 3}
      propertyPath: m_Size.y
      value: 0.69742393
      objectReference: {fileID: 0}
    - target: {fileID: 8451343442907297712, guid: 982ad48a1ea510c469372dc0493ef07a, type: 3}
      propertyPath: m_Offset.x
      value: -0.13586426
      objectReference: {fileID: 0}
    - target: {fileID: 8451343442907297712, guid: 982ad48a1ea510c469372dc0493ef07a, type: 3}
      propertyPath: m_Size.x
      value: 0.4416809
      objectReference: {fileID: 0}
    m_RemovedComponents: []
  m_SourcePrefab: {fileID: 100100000, guid: 982ad48a1ea510c469372dc0493ef07a, type: 3}
--- !u!4 &3732287806697261500 stripped
Transform:
  m_CorrespondingSourceObject: {fileID: 1808137508924421871, guid: 982ad48a1ea510c469372dc0493ef07a, type: 3}
  m_PrefabInstance: {fileID: 3088471538946129747}
  m_PrefabAsset: {fileID: 0}
--- !u!1001 &4641614386368478061
PrefabInstance:
  m_ObjectHideFlags: 0
  serializedVersion: 2
  m_Modification:
    m_TransformParent: {fileID: 4832415507374280686}
    m_Modifications:
    - target: {fileID: 591066624498981946, guid: 157a4a50912edff4caeacd104b406867, type: 3}
      propertyPath: m_Offset.y
      value: -0.24953842
      objectReference: {fileID: 0}
    - target: {fileID: 591066624498981946, guid: 157a4a50912edff4caeacd104b406867, type: 3}
      propertyPath: m_SpriteTilingProperty.oldSize.x
      value: 5.43
      objectReference: {fileID: 0}
    - target: {fileID: 591066624498981946, guid: 157a4a50912edff4caeacd104b406867, type: 3}
      propertyPath: m_SpriteTilingProperty.oldSize.y
      value: 6.07
      objectReference: {fileID: 0}
    - target: {fileID: 591066624498981946, guid: 157a4a50912edff4caeacd104b406867, type: 3}
      propertyPath: m_Size.y
      value: 5.3669357
      objectReference: {fileID: 0}
    - target: {fileID: 591066624498981946, guid: 157a4a50912edff4caeacd104b406867, type: 3}
      propertyPath: m_Offset.x
      value: 0.16152954
      objectReference: {fileID: 0}
    - target: {fileID: 591066624498981946, guid: 157a4a50912edff4caeacd104b406867, type: 3}
      propertyPath: m_Size.x
      value: 4.3067627
      objectReference: {fileID: 0}
    - target: {fileID: 1953755682489438366, guid: 157a4a50912edff4caeacd104b406867, type: 3}
      propertyPath: m_Sprite
      value: 
      objectReference: {fileID: 21300000, guid: 6e0dea140ed7f6f488348b31a6aa24ed, type: 3}
    - target: {fileID: 1953755682489438366, guid: 157a4a50912edff4caeacd104b406867, type: 3}
      propertyPath: m_SortingLayerID
      value: -1332208547
      objectReference: {fileID: 0}
    - target: {fileID: 1953755682489438366, guid: 157a4a50912edff4caeacd104b406867, type: 3}
      propertyPath: m_SortingLayer
      value: 1
      objectReference: {fileID: 0}
    - target: {fileID: 1953755682489438366, guid: 157a4a50912edff4caeacd104b406867, type: 3}
      propertyPath: m_SortingOrder
      value: 109
      objectReference: {fileID: 0}
    - target: {fileID: 4766575064592363737, guid: 157a4a50912edff4caeacd104b406867, type: 3}
      propertyPath: layerSortingOrder
      value: 111
      objectReference: {fileID: 0}
    - target: {fileID: 4766575064592363737, guid: 157a4a50912edff4caeacd104b406867, type: 3}
      propertyPath: fx.Array.data[0]
      value: 
      objectReference: {fileID: 4230173638489732945, guid: db49728c29e90924aa2080d78033752b, type: 3}
    - target: {fileID: 7236471645864910181, guid: 157a4a50912edff4caeacd104b406867, type: 3}
      propertyPath: m_LocalPosition.x
      value: 0.124313354
      objectReference: {fileID: 0}
    - target: {fileID: 7236471645864910181, guid: 157a4a50912edff4caeacd104b406867, type: 3}
      propertyPath: m_LocalPosition.y
      value: 4.12
      objectReference: {fileID: 0}
    - target: {fileID: 7236471645864910181, guid: 157a4a50912edff4caeacd104b406867, type: 3}
      propertyPath: m_LocalPosition.z
      value: 0
      objectReference: {fileID: 0}
    - target: {fileID: 7236471645864910181, guid: 157a4a50912edff4caeacd104b406867, type: 3}
      propertyPath: m_LocalRotation.x
      value: -0
      objectReference: {fileID: 0}
    - target: {fileID: 7236471645864910181, guid: 157a4a50912edff4caeacd104b406867, type: 3}
      propertyPath: m_LocalRotation.y
      value: -0
      objectReference: {fileID: 0}
    - target: {fileID: 7236471645864910181, guid: 157a4a50912edff4caeacd104b406867, type: 3}
      propertyPath: m_LocalRotation.z
      value: -0
      objectReference: {fileID: 0}
    - target: {fileID: 7236471645864910181, guid: 157a4a50912edff4caeacd104b406867, type: 3}
      propertyPath: m_LocalRotation.w
      value: 1
      objectReference: {fileID: 0}
    - target: {fileID: 7236471645864910181, guid: 157a4a50912edff4caeacd104b406867, type: 3}
      propertyPath: m_RootOrder
      value: 0
      objectReference: {fileID: 0}
    - target: {fileID: 7236471645864910181, guid: 157a4a50912edff4caeacd104b406867, type: 3}
      propertyPath: m_LocalEulerAnglesHint.x
      value: 0
      objectReference: {fileID: 0}
    - target: {fileID: 7236471645864910181, guid: 157a4a50912edff4caeacd104b406867, type: 3}
      propertyPath: m_LocalEulerAnglesHint.y
      value: 0
      objectReference: {fileID: 0}
    - target: {fileID: 7236471645864910181, guid: 157a4a50912edff4caeacd104b406867, type: 3}
      propertyPath: m_LocalEulerAnglesHint.z
      value: 0
      objectReference: {fileID: 0}
    - target: {fileID: 7577202939885530264, guid: 157a4a50912edff4caeacd104b406867, type: 3}
      propertyPath: m_Name
      value: item (39)
      objectReference: {fileID: 0}
    m_RemovedComponents: []
  m_SourcePrefab: {fileID: 100100000, guid: 157a4a50912edff4caeacd104b406867, type: 3}
--- !u!1 &2976301408887363573 stripped
GameObject:
  m_CorrespondingSourceObject: {fileID: 7577202939885530264, guid: 157a4a50912edff4caeacd104b406867, type: 3}
  m_PrefabInstance: {fileID: 4641614386368478061}
  m_PrefabAsset: {fileID: 0}
--- !u!4 &2596130770215183880 stripped
Transform:
  m_CorrespondingSourceObject: {fileID: 7236471645864910181, guid: 157a4a50912edff4caeacd104b406867, type: 3}
  m_PrefabInstance: {fileID: 4641614386368478061}
  m_PrefabAsset: {fileID: 0}
--- !u!1001 &5785583227122834777
PrefabInstance:
  m_ObjectHideFlags: 0
  serializedVersion: 2
  m_Modification:
    m_TransformParent: {fileID: 4832415507374280686}
    m_Modifications:
    - target: {fileID: 519938151996300674, guid: 3a7f48dbd9d31d64ba88177c80bf4e30, type: 3}
      propertyPath: m_LocalPosition.x
      value: 4.9443207
      objectReference: {fileID: 0}
    - target: {fileID: 519938151996300674, guid: 3a7f48dbd9d31d64ba88177c80bf4e30, type: 3}
      propertyPath: m_LocalPosition.y
      value: 6.6
      objectReference: {fileID: 0}
    - target: {fileID: 519938151996300674, guid: 3a7f48dbd9d31d64ba88177c80bf4e30, type: 3}
      propertyPath: m_LocalPosition.z
      value: 0
      objectReference: {fileID: 0}
    - target: {fileID: 519938151996300674, guid: 3a7f48dbd9d31d64ba88177c80bf4e30, type: 3}
      propertyPath: m_LocalRotation.x
      value: -0
      objectReference: {fileID: 0}
    - target: {fileID: 519938151996300674, guid: 3a7f48dbd9d31d64ba88177c80bf4e30, type: 3}
      propertyPath: m_LocalRotation.y
      value: -0
      objectReference: {fileID: 0}
    - target: {fileID: 519938151996300674, guid: 3a7f48dbd9d31d64ba88177c80bf4e30, type: 3}
      propertyPath: m_LocalRotation.z
      value: -0
      objectReference: {fileID: 0}
    - target: {fileID: 519938151996300674, guid: 3a7f48dbd9d31d64ba88177c80bf4e30, type: 3}
      propertyPath: m_LocalRotation.w
      value: 1
      objectReference: {fileID: 0}
    - target: {fileID: 519938151996300674, guid: 3a7f48dbd9d31d64ba88177c80bf4e30, type: 3}
      propertyPath: m_RootOrder
      value: 2
      objectReference: {fileID: 0}
    - target: {fileID: 519938151996300674, guid: 3a7f48dbd9d31d64ba88177c80bf4e30, type: 3}
      propertyPath: m_LocalEulerAnglesHint.x
      value: 0
      objectReference: {fileID: 0}
    - target: {fileID: 519938151996300674, guid: 3a7f48dbd9d31d64ba88177c80bf4e30, type: 3}
      propertyPath: m_LocalEulerAnglesHint.y
      value: 0
      objectReference: {fileID: 0}
    - target: {fileID: 519938151996300674, guid: 3a7f48dbd9d31d64ba88177c80bf4e30, type: 3}
      propertyPath: m_LocalEulerAnglesHint.z
      value: 0
      objectReference: {fileID: 0}
    - target: {fileID: 519938151996300675, guid: 3a7f48dbd9d31d64ba88177c80bf4e30, type: 3}
      propertyPath: m_Name
      value: topCover_rev (3)
      objectReference: {fileID: 0}
    - target: {fileID: 1098250236705618267, guid: 3a7f48dbd9d31d64ba88177c80bf4e30, type: 3}
      propertyPath: coverAnimation
      value: CoverSit
      objectReference: {fileID: 0}
    m_RemovedComponents: []
  m_SourcePrefab: {fileID: 100100000, guid: 3a7f48dbd9d31d64ba88177c80bf4e30, type: 3}
--- !u!4 &6304394839059644635 stripped
Transform:
  m_CorrespondingSourceObject: {fileID: 519938151996300674, guid: 3a7f48dbd9d31d64ba88177c80bf4e30, type: 3}
  m_PrefabInstance: {fileID: 5785583227122834777}
  m_PrefabAsset: {fileID: 0}
--- !u!1001 &5940225354322618725
PrefabInstance:
  m_ObjectHideFlags: 0
  serializedVersion: 2
  m_Modification:
    m_TransformParent: {fileID: 4832415507374280686}
    m_Modifications:
    - target: {fileID: 1467458858315482898, guid: 982ad48a1ea510c469372dc0493ef07a, type: 3}
      propertyPath: m_Name
      value: item_phisics (20)
      objectReference: {fileID: 0}
    - target: {fileID: 1808137508924421871, guid: 982ad48a1ea510c469372dc0493ef07a, type: 3}
      propertyPath: m_LocalPosition.x
      value: -0.41567993
      objectReference: {fileID: 0}
    - target: {fileID: 1808137508924421871, guid: 982ad48a1ea510c469372dc0493ef07a, type: 3}
      propertyPath: m_LocalPosition.y
      value: 6.93
      objectReference: {fileID: 0}
    - target: {fileID: 1808137508924421871, guid: 982ad48a1ea510c469372dc0493ef07a, type: 3}
      propertyPath: m_LocalPosition.z
      value: 0
      objectReference: {fileID: 0}
    - target: {fileID: 1808137508924421871, guid: 982ad48a1ea510c469372dc0493ef07a, type: 3}
      propertyPath: m_LocalRotation.x
      value: -0
      objectReference: {fileID: 0}
    - target: {fileID: 1808137508924421871, guid: 982ad48a1ea510c469372dc0493ef07a, type: 3}
      propertyPath: m_LocalRotation.y
      value: -0
      objectReference: {fileID: 0}
    - target: {fileID: 1808137508924421871, guid: 982ad48a1ea510c469372dc0493ef07a, type: 3}
      propertyPath: m_LocalRotation.z
      value: -0
      objectReference: {fileID: 0}
    - target: {fileID: 1808137508924421871, guid: 982ad48a1ea510c469372dc0493ef07a, type: 3}
      propertyPath: m_LocalRotation.w
      value: 1
      objectReference: {fileID: 0}
    - target: {fileID: 1808137508924421871, guid: 982ad48a1ea510c469372dc0493ef07a, type: 3}
      propertyPath: m_RootOrder
      value: 4
      objectReference: {fileID: 0}
    - target: {fileID: 1808137508924421871, guid: 982ad48a1ea510c469372dc0493ef07a, type: 3}
      propertyPath: m_LocalEulerAnglesHint.x
      value: 0
      objectReference: {fileID: 0}
    - target: {fileID: 1808137508924421871, guid: 982ad48a1ea510c469372dc0493ef07a, type: 3}
      propertyPath: m_LocalEulerAnglesHint.y
      value: 0
      objectReference: {fileID: 0}
    - target: {fileID: 1808137508924421871, guid: 982ad48a1ea510c469372dc0493ef07a, type: 3}
      propertyPath: m_LocalEulerAnglesHint.z
      value: 0
      objectReference: {fileID: 0}
    - target: {fileID: 2624718922426506853, guid: 982ad48a1ea510c469372dc0493ef07a, type: 3}
      propertyPath: m_Mass
      value: 500
      objectReference: {fileID: 0}
    - target: {fileID: 6962764224025498906, guid: 982ad48a1ea510c469372dc0493ef07a, type: 3}
      propertyPath: layerSortingOrder
      value: 121
      objectReference: {fileID: 0}
    - target: {fileID: 6962764224025498906, guid: 982ad48a1ea510c469372dc0493ef07a, type: 3}
      propertyPath: fx.Array.data[0]
      value: 
      objectReference: {fileID: 4230173638489732945, guid: 6ddc61e66856865489439cb03a688454, type: 3}
    - target: {fileID: 7379136522054155028, guid: 982ad48a1ea510c469372dc0493ef07a, type: 3}
      propertyPath: m_Sprite
      value: 
      objectReference: {fileID: 4818489709235286705, guid: 4b399db1087529444ae26ee5aa3dec4f, type: 3}
    - target: {fileID: 7379136522054155028, guid: 982ad48a1ea510c469372dc0493ef07a, type: 3}
      propertyPath: m_SortingOrder
      value: 120
      objectReference: {fileID: 0}
    - target: {fileID: 8451343442907297712, guid: 982ad48a1ea510c469372dc0493ef07a, type: 3}
      propertyPath: m_Offset.y
      value: 0.09369826
      objectReference: {fileID: 0}
    - target: {fileID: 8451343442907297712, guid: 982ad48a1ea510c469372dc0493ef07a, type: 3}
      propertyPath: m_SpriteTilingProperty.oldSize.x
      value: 0.86
      objectReference: {fileID: 0}
    - target: {fileID: 8451343442907297712, guid: 982ad48a1ea510c469372dc0493ef07a, type: 3}
      propertyPath: m_SpriteTilingProperty.oldSize.y
      value: 1.63
      objectReference: {fileID: 0}
    - target: {fileID: 8451343442907297712, guid: 982ad48a1ea510c469372dc0493ef07a, type: 3}
      propertyPath: m_Size.y
      value: 0.8979478
      objectReference: {fileID: 0}
    - target: {fileID: 8451343442907297712, guid: 982ad48a1ea510c469372dc0493ef07a, type: 3}
      propertyPath: m_Offset.x
      value: 0.011291504
      objectReference: {fileID: 0}
    - target: {fileID: 8451343442907297712, guid: 982ad48a1ea510c469372dc0493ef07a, type: 3}
      propertyPath: m_Size.x
      value: 0.527771
      objectReference: {fileID: 0}
    m_RemovedComponents: []
  m_SourcePrefab: {fileID: 100100000, guid: 982ad48a1ea510c469372dc0493ef07a, type: 3}
--- !u!4 &5438131737480978314 stripped
Transform:
  m_CorrespondingSourceObject: {fileID: 1808137508924421871, guid: 982ad48a1ea510c469372dc0493ef07a, type: 3}
  m_PrefabInstance: {fileID: 5940225354322618725}
  m_PrefabAsset: {fileID: 0}
--- !u!1001 &9017852826438077288
PrefabInstance:
  m_ObjectHideFlags: 0
  serializedVersion: 2
  m_Modification:
    m_TransformParent: {fileID: 4832415507374280686}
    m_Modifications:
    - target: {fileID: 519938151996300674, guid: b71d743b2605d484c9c7890ca68e255d, type: 3}
      propertyPath: m_LocalPosition.x
      value: -4.4756775
      objectReference: {fileID: 0}
    - target: {fileID: 519938151996300674, guid: b71d743b2605d484c9c7890ca68e255d, type: 3}
      propertyPath: m_LocalPosition.y
      value: 6.6
      objectReference: {fileID: 0}
    - target: {fileID: 519938151996300674, guid: b71d743b2605d484c9c7890ca68e255d, type: 3}
      propertyPath: m_LocalPosition.z
      value: 0
      objectReference: {fileID: 0}
    - target: {fileID: 519938151996300674, guid: b71d743b2605d484c9c7890ca68e255d, type: 3}
      propertyPath: m_LocalRotation.x
      value: -0
      objectReference: {fileID: 0}
    - target: {fileID: 519938151996300674, guid: b71d743b2605d484c9c7890ca68e255d, type: 3}
      propertyPath: m_LocalRotation.y
      value: -0
      objectReference: {fileID: 0}
    - target: {fileID: 519938151996300674, guid: b71d743b2605d484c9c7890ca68e255d, type: 3}
      propertyPath: m_LocalRotation.z
      value: -0
      objectReference: {fileID: 0}
    - target: {fileID: 519938151996300674, guid: b71d743b2605d484c9c7890ca68e255d, type: 3}
      propertyPath: m_LocalRotation.w
      value: 1
      objectReference: {fileID: 0}
    - target: {fileID: 519938151996300674, guid: b71d743b2605d484c9c7890ca68e255d, type: 3}
      propertyPath: m_RootOrder
      value: 1
      objectReference: {fileID: 0}
    - target: {fileID: 519938151996300674, guid: b71d743b2605d484c9c7890ca68e255d, type: 3}
      propertyPath: m_LocalEulerAnglesHint.x
      value: 0
      objectReference: {fileID: 0}
    - target: {fileID: 519938151996300674, guid: b71d743b2605d484c9c7890ca68e255d, type: 3}
      propertyPath: m_LocalEulerAnglesHint.y
      value: 0
      objectReference: {fileID: 0}
    - target: {fileID: 519938151996300674, guid: b71d743b2605d484c9c7890ca68e255d, type: 3}
      propertyPath: m_LocalEulerAnglesHint.z
      value: 0
      objectReference: {fileID: 0}
    - target: {fileID: 519938151996300675, guid: b71d743b2605d484c9c7890ca68e255d, type: 3}
      propertyPath: m_Name
      value: topCover (5)
      objectReference: {fileID: 0}
    - target: {fileID: 1098250236705618267, guid: b71d743b2605d484c9c7890ca68e255d, type: 3}
      propertyPath: coverAnimation
      value: CoverSit
      objectReference: {fileID: 0}
    m_RemovedComponents: []
  m_SourcePrefab: {fileID: 100100000, guid: b71d743b2605d484c9c7890ca68e255d, type: 3}
--- !u!4 &8796349910148552426 stripped
Transform:
  m_CorrespondingSourceObject: {fileID: 519938151996300674, guid: b71d743b2605d484c9c7890ca68e255d, type: 3}
  m_PrefabInstance: {fileID: 9017852826438077288}
  m_PrefabAsset: {fileID: 0}
