%YAML 1.1
%TAG !u! tag:unity3d.com,2011:
--- !u!1 &7026571940235406561
GameObject:
  m_ObjectHideFlags: 0
  m_CorrespondingSourceObject: {fileID: 0}
  m_PrefabInstance: {fileID: 0}
  m_PrefabAsset: {fileID: 0}
  serializedVersion: 6
  m_Component:
  - component: {fileID: 6167432584923088073}
  m_Layer: 0
  m_Name: x2_7
  m_TagString: Untagged
  m_Icon: {fileID: 0}
  m_NavMeshLayer: 0
  m_StaticEditorFlags: 0
  m_IsActive: 1
--- !u!4 &6167432584923088073
Transform:
  m_ObjectHideFlags: 0
  m_CorrespondingSourceObject: {fileID: 0}
  m_PrefabInstance: {fileID: 0}
  m_PrefabAsset: {fileID: 0}
  m_GameObject: {fileID: 7026571940235406561}
  m_LocalRotation: {x: -0, y: -0, z: -0, w: 1}
  m_LocalPosition: {x: 0, y: 0, z: 0}
  m_LocalScale: {x: 1, y: 1, z: 1}
  m_Children:
  - {fileID: 1847083000678343829}
  - {fileID: 4327998806984170800}
  - {fileID: 8034794980330582413}
  - {fileID: 7828176269906074420}
  - {fileID: 5756337978511892831}
  - {fileID: 4520320676452929227}
  - {fileID: 3249520314167015872}
  - {fileID: 3046111651719516952}
  - {fileID: 7400073012625024495}
  m_Father: {fileID: 0}
  m_RootOrder: 0
  m_LocalEulerAnglesHint: {x: 0, y: 0, z: 0}
--- !u!1001 &669275143525979444
PrefabInstance:
  m_ObjectHideFlags: 0
  serializedVersion: 2
  m_Modification:
    m_TransformParent: {fileID: 6167432584923088073}
    m_Modifications:
    - target: {fileID: 1325385681579036973, guid: 0523d4d7495e68742906537daba97a8f, type: 3}
      propertyPath: m_LocalPosition.y
      value: 0.53
      objectReference: {fileID: 0}
    - target: {fileID: 1325385681579036973, guid: 0523d4d7495e68742906537daba97a8f, type: 3}
      propertyPath: m_LocalPosition.x
      value: -2.9399962
      objectReference: {fileID: 0}
    - target: {fileID: 1904674271428985311, guid: 0523d4d7495e68742906537daba97a8f, type: 3}
      propertyPath: m_LocalPosition.y
      value: 0.62
      objectReference: {fileID: 0}
    - target: {fileID: 1904674271428985311, guid: 0523d4d7495e68742906537daba97a8f, type: 3}
      propertyPath: m_LocalPosition.x
      value: 1.8500012
      objectReference: {fileID: 0}
    - target: {fileID: 2218107607437146937, guid: 0523d4d7495e68742906537daba97a8f, type: 3}
      propertyPath: m_Name
      value: table_001 (5)
      objectReference: {fileID: 0}
    - target: {fileID: 2218107607437146937, guid: 0523d4d7495e68742906537daba97a8f, type: 3}
      propertyPath: m_Layer
      value: 16
      objectReference: {fileID: 0}
    - target: {fileID: 2668130033580460903, guid: 0523d4d7495e68742906537daba97a8f, type: 3}
      propertyPath: m_LocalPosition.y
      value: 2.383
      objectReference: {fileID: 0}
    - target: {fileID: 2668130033580460903, guid: 0523d4d7495e68742906537daba97a8f, type: 3}
      propertyPath: m_LocalPosition.x
      value: 0.1
      objectReference: {fileID: 0}
    - target: {fileID: 4187222035826908319, guid: 0523d4d7495e68742906537daba97a8f, type: 3}
      propertyPath: layerSortingOrder
      value: 108
      objectReference: {fileID: 0}
    - target: {fileID: 4187222035826908319, guid: 0523d4d7495e68742906537daba97a8f, type: 3}
      propertyPath: layerName
      value: LocationAlwaysTop
      objectReference: {fileID: 0}
    - target: {fileID: 5530554912596630542, guid: 0523d4d7495e68742906537daba97a8f, type: 3}
      propertyPath: m_SortingOrder
      value: 107
      objectReference: {fileID: 0}
    - target: {fileID: 5530554912596630542, guid: 0523d4d7495e68742906537daba97a8f, type: 3}
      propertyPath: m_SortingLayerID
      value: -725359351
      objectReference: {fileID: 0}
    - target: {fileID: 5530554912596630542, guid: 0523d4d7495e68742906537daba97a8f, type: 3}
      propertyPath: m_SortingLayer
      value: 6
      objectReference: {fileID: 0}
    - target: {fileID: 7406430466064999609, guid: 0523d4d7495e68742906537daba97a8f, type: 3}
      propertyPath: m_LocalPosition.x
      value: 0.55914307
      objectReference: {fileID: 0}
    - target: {fileID: 7406430466064999609, guid: 0523d4d7495e68742906537daba97a8f, type: 3}
      propertyPath: m_LocalPosition.y
      value: -0.15999985
      objectReference: {fileID: 0}
    - target: {fileID: 7406430466064999609, guid: 0523d4d7495e68742906537daba97a8f, type: 3}
      propertyPath: m_LocalPosition.z
      value: 0
      objectReference: {fileID: 0}
    - target: {fileID: 7406430466064999609, guid: 0523d4d7495e68742906537daba97a8f, type: 3}
      propertyPath: m_LocalRotation.x
      value: -0
      objectReference: {fileID: 0}
    - target: {fileID: 7406430466064999609, guid: 0523d4d7495e68742906537daba97a8f, type: 3}
      propertyPath: m_LocalRotation.y
      value: -0
      objectReference: {fileID: 0}
    - target: {fileID: 7406430466064999609, guid: 0523d4d7495e68742906537daba97a8f, type: 3}
      propertyPath: m_LocalRotation.z
      value: -0
      objectReference: {fileID: 0}
    - target: {fileID: 7406430466064999609, guid: 0523d4d7495e68742906537daba97a8f, type: 3}
      propertyPath: m_LocalRotation.w
      value: 1
      objectReference: {fileID: 0}
    - target: {fileID: 7406430466064999609, guid: 0523d4d7495e68742906537daba97a8f, type: 3}
      propertyPath: m_RootOrder
      value: 2
      objectReference: {fileID: 0}
    - target: {fileID: 7406430466064999609, guid: 0523d4d7495e68742906537daba97a8f, type: 3}
      propertyPath: m_LocalEulerAnglesHint.x
      value: 0
      objectReference: {fileID: 0}
    - target: {fileID: 7406430466064999609, guid: 0523d4d7495e68742906537daba97a8f, type: 3}
      propertyPath: m_LocalEulerAnglesHint.y
      value: 0
      objectReference: {fileID: 0}
    - target: {fileID: 7406430466064999609, guid: 0523d4d7495e68742906537daba97a8f, type: 3}
      propertyPath: m_LocalEulerAnglesHint.z
      value: 0
      objectReference: {fileID: 0}
    - target: {fileID: 7825526524932681426, guid: 0523d4d7495e68742906537daba97a8f, type: 3}
      propertyPath: m_SortingOrder
      value: 107
      objectReference: {fileID: 0}
    - target: {fileID: 7825526524932681426, guid: 0523d4d7495e68742906537daba97a8f, type: 3}
      propertyPath: m_SortingLayerID
      value: -725359351
      objectReference: {fileID: 0}
    - target: {fileID: 7825526524932681426, guid: 0523d4d7495e68742906537daba97a8f, type: 3}
      propertyPath: m_SortingLayer
      value: 6
      objectReference: {fileID: 0}
    - target: {fileID: 8572161365493787379, guid: 0523d4d7495e68742906537daba97a8f, type: 3}
      propertyPath: m_SortingOrder
      value: 107
      objectReference: {fileID: 0}
    - target: {fileID: 8572161365493787379, guid: 0523d4d7495e68742906537daba97a8f, type: 3}
      propertyPath: m_SortingLayerID
      value: -725359351
      objectReference: {fileID: 0}
    - target: {fileID: 8572161365493787379, guid: 0523d4d7495e68742906537daba97a8f, type: 3}
      propertyPath: m_SortingLayer
      value: 6
      objectReference: {fileID: 0}
    m_RemovedComponents: []
  m_SourcePrefab: {fileID: 100100000, guid: 0523d4d7495e68742906537daba97a8f, type: 3}
--- !u!4 &8034794980330582413 stripped
Transform:
  m_CorrespondingSourceObject: {fileID: 7406430466064999609, guid: 0523d4d7495e68742906537daba97a8f, type: 3}
  m_PrefabInstance: {fileID: 669275143525979444}
  m_PrefabAsset: {fileID: 0}
--- !u!1001 &2858849841061787684
PrefabInstance:
  m_ObjectHideFlags: 0
  serializedVersion: 2
  m_Modification:
    m_TransformParent: {fileID: 6167432584923088073}
    m_Modifications:
    - target: {fileID: 1467458858315482898, guid: 982ad48a1ea510c469372dc0493ef07a, type: 3}
      propertyPath: m_Name
      value: item_phisics (27)
      objectReference: {fileID: 0}
    - target: {fileID: 1467458858315482898, guid: 982ad48a1ea510c469372dc0493ef07a, type: 3}
      propertyPath: m_Layer
      value: 16
      objectReference: {fileID: 0}
    - target: {fileID: 1808137508924421871, guid: 982ad48a1ea510c469372dc0493ef07a, type: 3}
      propertyPath: m_LocalPosition.x
      value: 2.0091553
      objectReference: {fileID: 0}
    - target: {fileID: 1808137508924421871, guid: 982ad48a1ea510c469372dc0493ef07a, type: 3}
      propertyPath: m_LocalPosition.y
      value: 2.7600002
      objectReference: {fileID: 0}
    - target: {fileID: 1808137508924421871, guid: 982ad48a1ea510c469372dc0493ef07a, type: 3}
      propertyPath: m_LocalPosition.z
      value: 0
      objectReference: {fileID: 0}
    - target: {fileID: 1808137508924421871, guid: 982ad48a1ea510c469372dc0493ef07a, type: 3}
      propertyPath: m_LocalRotation.x
      value: -0
      objectReference: {fileID: 0}
    - target: {fileID: 1808137508924421871, guid: 982ad48a1ea510c469372dc0493ef07a, type: 3}
      propertyPath: m_LocalRotation.y
      value: -0
      objectReference: {fileID: 0}
    - target: {fileID: 1808137508924421871, guid: 982ad48a1ea510c469372dc0493ef07a, type: 3}
      propertyPath: m_LocalRotation.z
      value: -0
      objectReference: {fileID: 0}
    - target: {fileID: 1808137508924421871, guid: 982ad48a1ea510c469372dc0493ef07a, type: 3}
      propertyPath: m_LocalRotation.w
      value: 1
      objectReference: {fileID: 0}
    - target: {fileID: 1808137508924421871, guid: 982ad48a1ea510c469372dc0493ef07a, type: 3}
      propertyPath: m_RootOrder
      value: 5
      objectReference: {fileID: 0}
    - target: {fileID: 1808137508924421871, guid: 982ad48a1ea510c469372dc0493ef07a, type: 3}
      propertyPath: m_LocalEulerAnglesHint.x
      value: 0
      objectReference: {fileID: 0}
    - target: {fileID: 1808137508924421871, guid: 982ad48a1ea510c469372dc0493ef07a, type: 3}
      propertyPath: m_LocalEulerAnglesHint.y
      value: 0
      objectReference: {fileID: 0}
    - target: {fileID: 1808137508924421871, guid: 982ad48a1ea510c469372dc0493ef07a, type: 3}
      propertyPath: m_LocalEulerAnglesHint.z
      value: 0
      objectReference: {fileID: 0}
    - target: {fileID: 2624718922426506853, guid: 982ad48a1ea510c469372dc0493ef07a, type: 3}
      propertyPath: m_Mass
      value: 250
      objectReference: {fileID: 0}
    - target: {fileID: 6962764224025498906, guid: 982ad48a1ea510c469372dc0493ef07a, type: 3}
      propertyPath: layerSortingOrder
      value: 121
      objectReference: {fileID: 0}
    - target: {fileID: 6962764224025498906, guid: 982ad48a1ea510c469372dc0493ef07a, type: 3}
      propertyPath: fx.Array.data[0]
      value: 
      objectReference: {fileID: 4230173638489732945, guid: 6ddc61e66856865489439cb03a688454, type: 3}
    - target: {fileID: 6962764224025498906, guid: 982ad48a1ea510c469372dc0493ef07a, type: 3}
      propertyPath: layerName
      value: LocationAlwaysTop
      objectReference: {fileID: 0}
    - target: {fileID: 7379136522054155028, guid: 982ad48a1ea510c469372dc0493ef07a, type: 3}
      propertyPath: m_Sprite
      value: 
      objectReference: {fileID: -987808876360225122, guid: 9d9596d8af116f2458086e9a828b64e2, type: 3}
    - target: {fileID: 7379136522054155028, guid: 982ad48a1ea510c469372dc0493ef07a, type: 3}
      propertyPath: m_SortingOrder
      value: 120
      objectReference: {fileID: 0}
    - target: {fileID: 7379136522054155028, guid: 982ad48a1ea510c469372dc0493ef07a, type: 3}
      propertyPath: m_FlipX
      value: 1
      objectReference: {fileID: 0}
    - target: {fileID: 7379136522054155028, guid: 982ad48a1ea510c469372dc0493ef07a, type: 3}
      propertyPath: m_SortingLayerID
      value: -725359351
      objectReference: {fileID: 0}
    - target: {fileID: 7379136522054155028, guid: 982ad48a1ea510c469372dc0493ef07a, type: 3}
      propertyPath: m_SortingLayer
      value: 6
      objectReference: {fileID: 0}
    - target: {fileID: 8451343442907297712, guid: 982ad48a1ea510c469372dc0493ef07a, type: 3}
      propertyPath: m_Offset.y
      value: 0.23857355
      objectReference: {fileID: 0}
    - target: {fileID: 8451343442907297712, guid: 982ad48a1ea510c469372dc0493ef07a, type: 3}
      propertyPath: m_SpriteTilingProperty.oldSize.x
      value: 0.81
      objectReference: {fileID: 0}
    - target: {fileID: 8451343442907297712, guid: 982ad48a1ea510c469372dc0493ef07a, type: 3}
      propertyPath: m_SpriteTilingProperty.oldSize.y
      value: 0.81
      objectReference: {fileID: 0}
    - target: {fileID: 8451343442907297712, guid: 982ad48a1ea510c469372dc0493ef07a, type: 3}
      propertyPath: m_Size.y
      value: 0.19195461
      objectReference: {fileID: 0}
    - target: {fileID: 8451343442907297712, guid: 982ad48a1ea510c469372dc0493ef07a, type: 3}
      propertyPath: m_Offset.x
      value: -0.10964203
      objectReference: {fileID: 0}
    - target: {fileID: 8451343442907297712, guid: 982ad48a1ea510c469372dc0493ef07a, type: 3}
      propertyPath: m_Size.x
      value: 0.4768219
      objectReference: {fileID: 0}
    m_RemovedComponents: []
  m_SourcePrefab: {fileID: 100100000, guid: 982ad48a1ea510c469372dc0493ef07a, type: 3}
--- !u!4 &4520320676452929227 stripped
Transform:
  m_CorrespondingSourceObject: {fileID: 1808137508924421871, guid: 982ad48a1ea510c469372dc0493ef07a, type: 3}
  m_PrefabInstance: {fileID: 2858849841061787684}
  m_PrefabAsset: {fileID: 0}
--- !u!1001 &3044610375313913279
PrefabInstance:
  m_ObjectHideFlags: 0
  serializedVersion: 2
  m_Modification:
    m_TransformParent: {fileID: 6167432584923088073}
    m_Modifications:
    - target: {fileID: 2995339003516814169, guid: 5c46cb9e63a62e1478592cd2e5faecf7, type: 3}
      propertyPath: layerName
      value: LocationAlwaysTop
      objectReference: {fileID: 0}
    - target: {fileID: 2995339003516814169, guid: 5c46cb9e63a62e1478592cd2e5faecf7, type: 3}
      propertyPath: layerSortingOrder
      value: 102
      objectReference: {fileID: 0}
    - target: {fileID: 3738701491500060970, guid: 5c46cb9e63a62e1478592cd2e5faecf7, type: 3}
      propertyPath: m_LocalPosition.x
      value: 3.8491516
      objectReference: {fileID: 0}
    - target: {fileID: 3738701491500060970, guid: 5c46cb9e63a62e1478592cd2e5faecf7, type: 3}
      propertyPath: m_LocalPosition.y
      value: 0.87569046
      objectReference: {fileID: 0}
    - target: {fileID: 3738701491500060970, guid: 5c46cb9e63a62e1478592cd2e5faecf7, type: 3}
      propertyPath: m_LocalPosition.z
      value: 0
      objectReference: {fileID: 0}
    - target: {fileID: 3738701491500060970, guid: 5c46cb9e63a62e1478592cd2e5faecf7, type: 3}
      propertyPath: m_LocalRotation.x
      value: -0
      objectReference: {fileID: 0}
    - target: {fileID: 3738701491500060970, guid: 5c46cb9e63a62e1478592cd2e5faecf7, type: 3}
      propertyPath: m_LocalRotation.y
      value: -0
      objectReference: {fileID: 0}
    - target: {fileID: 3738701491500060970, guid: 5c46cb9e63a62e1478592cd2e5faecf7, type: 3}
      propertyPath: m_LocalRotation.z
      value: -0
      objectReference: {fileID: 0}
    - target: {fileID: 3738701491500060970, guid: 5c46cb9e63a62e1478592cd2e5faecf7, type: 3}
      propertyPath: m_LocalRotation.w
      value: 1
      objectReference: {fileID: 0}
    - target: {fileID: 3738701491500060970, guid: 5c46cb9e63a62e1478592cd2e5faecf7, type: 3}
      propertyPath: m_RootOrder
      value: 0
      objectReference: {fileID: 0}
    - target: {fileID: 3738701491500060970, guid: 5c46cb9e63a62e1478592cd2e5faecf7, type: 3}
      propertyPath: m_LocalEulerAnglesHint.x
      value: 0
      objectReference: {fileID: 0}
    - target: {fileID: 3738701491500060970, guid: 5c46cb9e63a62e1478592cd2e5faecf7, type: 3}
      propertyPath: m_LocalEulerAnglesHint.y
      value: 0
      objectReference: {fileID: 0}
    - target: {fileID: 3738701491500060970, guid: 5c46cb9e63a62e1478592cd2e5faecf7, type: 3}
      propertyPath: m_LocalEulerAnglesHint.z
      value: 0
      objectReference: {fileID: 0}
    - target: {fileID: 4514916076761342167, guid: 5c46cb9e63a62e1478592cd2e5faecf7, type: 3}
      propertyPath: m_Name
      value: chair_001_rev (1)
      objectReference: {fileID: 0}
    - target: {fileID: 4514916076761342167, guid: 5c46cb9e63a62e1478592cd2e5faecf7, type: 3}
      propertyPath: m_Layer
      value: 16
      objectReference: {fileID: 0}
    - target: {fileID: 5575256027977430475, guid: 5c46cb9e63a62e1478592cd2e5faecf7, type: 3}
      propertyPath: m_Offset.y
      value: -1.5910599
      objectReference: {fileID: 0}
    - target: {fileID: 5575256027977430475, guid: 5c46cb9e63a62e1478592cd2e5faecf7, type: 3}
      propertyPath: m_Size.y
      value: 2.762876
      objectReference: {fileID: 0}
    - target: {fileID: 6100202551096527898, guid: 5c46cb9e63a62e1478592cd2e5faecf7, type: 3}
      propertyPath: m_SortingLayerID
      value: -725359351
      objectReference: {fileID: 0}
    - target: {fileID: 6100202551096527898, guid: 5c46cb9e63a62e1478592cd2e5faecf7, type: 3}
      propertyPath: m_SortingLayer
      value: 6
      objectReference: {fileID: 0}
    - target: {fileID: 8763513835213517774, guid: 5c46cb9e63a62e1478592cd2e5faecf7, type: 3}
      propertyPath: m_Offset.y
      value: -0.08376956
      objectReference: {fileID: 0}
    - target: {fileID: 8763513835213517774, guid: 5c46cb9e63a62e1478592cd2e5faecf7, type: 3}
      propertyPath: m_Size.y
      value: 5.776007
      objectReference: {fileID: 0}
    m_RemovedComponents: []
  m_SourcePrefab: {fileID: 100100000, guid: 5c46cb9e63a62e1478592cd2e5faecf7, type: 3}
--- !u!4 &1847083000678343829 stripped
Transform:
  m_CorrespondingSourceObject: {fileID: 3738701491500060970, guid: 5c46cb9e63a62e1478592cd2e5faecf7, type: 3}
  m_PrefabInstance: {fileID: 3044610375313913279}
  m_PrefabAsset: {fileID: 0}
--- !u!1001 &3274898226934845082
PrefabInstance:
  m_ObjectHideFlags: 0
  serializedVersion: 2
  m_Modification:
    m_TransformParent: {fileID: 6167432584923088073}
    m_Modifications:
    - target: {fileID: 519938151996300674, guid: 301e22e8b249708498872b0c0cb02a8d, type: 3}
      propertyPath: m_LocalPosition.x
      value: -7.9
      objectReference: {fileID: 0}
    - target: {fileID: 519938151996300674, guid: 301e22e8b249708498872b0c0cb02a8d, type: 3}
      propertyPath: m_LocalPosition.y
      value: 3.19
      objectReference: {fileID: 0}
    - target: {fileID: 519938151996300674, guid: 301e22e8b249708498872b0c0cb02a8d, type: 3}
      propertyPath: m_LocalPosition.z
      value: 0
      objectReference: {fileID: 0}
    - target: {fileID: 519938151996300674, guid: 301e22e8b249708498872b0c0cb02a8d, type: 3}
      propertyPath: m_LocalRotation.x
      value: 0
      objectReference: {fileID: 0}
    - target: {fileID: 519938151996300674, guid: 301e22e8b249708498872b0c0cb02a8d, type: 3}
      propertyPath: m_LocalRotation.y
      value: 0
      objectReference: {fileID: 0}
    - target: {fileID: 519938151996300674, guid: 301e22e8b249708498872b0c0cb02a8d, type: 3}
      propertyPath: m_LocalRotation.z
      value: 0
      objectReference: {fileID: 0}
    - target: {fileID: 519938151996300674, guid: 301e22e8b249708498872b0c0cb02a8d, type: 3}
      propertyPath: m_LocalRotation.w
      value: 1
      objectReference: {fileID: 0}
    - target: {fileID: 519938151996300674, guid: 301e22e8b249708498872b0c0cb02a8d, type: 3}
      propertyPath: m_RootOrder
      value: 7
      objectReference: {fileID: 0}
    - target: {fileID: 519938151996300674, guid: 301e22e8b249708498872b0c0cb02a8d, type: 3}
      propertyPath: m_LocalEulerAnglesHint.x
      value: 0
      objectReference: {fileID: 0}
    - target: {fileID: 519938151996300674, guid: 301e22e8b249708498872b0c0cb02a8d, type: 3}
      propertyPath: m_LocalEulerAnglesHint.y
      value: 0
      objectReference: {fileID: 0}
    - target: {fileID: 519938151996300674, guid: 301e22e8b249708498872b0c0cb02a8d, type: 3}
      propertyPath: m_LocalEulerAnglesHint.z
      value: 0
      objectReference: {fileID: 0}
    - target: {fileID: 519938151996300675, guid: 301e22e8b249708498872b0c0cb02a8d, type: 3}
      propertyPath: m_Name
      value: bottomCover
      objectReference: {fileID: 0}
    m_RemovedComponents: []
  m_SourcePrefab: {fileID: 100100000, guid: 301e22e8b249708498872b0c0cb02a8d, type: 3}
--- !u!4 &3046111651719516952 stripped
Transform:
  m_CorrespondingSourceObject: {fileID: 519938151996300674, guid: 301e22e8b249708498872b0c0cb02a8d, type: 3}
  m_PrefabInstance: {fileID: 3274898226934845082}
  m_PrefabAsset: {fileID: 0}
--- !u!1001 &3751312664956555055
PrefabInstance:
  m_ObjectHideFlags: 0
  serializedVersion: 2
  m_Modification:
    m_TransformParent: {fileID: 6167432584923088073}
    m_Modifications:
    - target: {fileID: 1467458858315482898, guid: 982ad48a1ea510c469372dc0493ef07a, type: 3}
      propertyPath: m_Name
      value: item_phisics (28)
      objectReference: {fileID: 0}
    - target: {fileID: 1467458858315482898, guid: 982ad48a1ea510c469372dc0493ef07a, type: 3}
      propertyPath: m_Layer
      value: 16
      objectReference: {fileID: 0}
    - target: {fileID: 1808137508924421871, guid: 982ad48a1ea510c469372dc0493ef07a, type: 3}
      propertyPath: m_LocalPosition.x
      value: -1.1208496
      objectReference: {fileID: 0}
    - target: {fileID: 1808137508924421871, guid: 982ad48a1ea510c469372dc0493ef07a, type: 3}
      propertyPath: m_LocalPosition.y
      value: 3.0999985
      objectReference: {fileID: 0}
    - target: {fileID: 1808137508924421871, guid: 982ad48a1ea510c469372dc0493ef07a, type: 3}
      propertyPath: m_LocalPosition.z
      value: 0
      objectReference: {fileID: 0}
    - target: {fileID: 1808137508924421871, guid: 982ad48a1ea510c469372dc0493ef07a, type: 3}
      propertyPath: m_LocalRotation.x
      value: -0
      objectReference: {fileID: 0}
    - target: {fileID: 1808137508924421871, guid: 982ad48a1ea510c469372dc0493ef07a, type: 3}
      propertyPath: m_LocalRotation.y
      value: -0
      objectReference: {fileID: 0}
    - target: {fileID: 1808137508924421871, guid: 982ad48a1ea510c469372dc0493ef07a, type: 3}
      propertyPath: m_LocalRotation.z
      value: -0
      objectReference: {fileID: 0}
    - target: {fileID: 1808137508924421871, guid: 982ad48a1ea510c469372dc0493ef07a, type: 3}
      propertyPath: m_LocalRotation.w
      value: 1
      objectReference: {fileID: 0}
    - target: {fileID: 1808137508924421871, guid: 982ad48a1ea510c469372dc0493ef07a, type: 3}
      propertyPath: m_RootOrder
      value: 6
      objectReference: {fileID: 0}
    - target: {fileID: 1808137508924421871, guid: 982ad48a1ea510c469372dc0493ef07a, type: 3}
      propertyPath: m_LocalEulerAnglesHint.x
      value: 0
      objectReference: {fileID: 0}
    - target: {fileID: 1808137508924421871, guid: 982ad48a1ea510c469372dc0493ef07a, type: 3}
      propertyPath: m_LocalEulerAnglesHint.y
      value: 0
      objectReference: {fileID: 0}
    - target: {fileID: 1808137508924421871, guid: 982ad48a1ea510c469372dc0493ef07a, type: 3}
      propertyPath: m_LocalEulerAnglesHint.z
      value: 0
      objectReference: {fileID: 0}
    - target: {fileID: 2624718922426506853, guid: 982ad48a1ea510c469372dc0493ef07a, type: 3}
      propertyPath: m_Mass
      value: 250
      objectReference: {fileID: 0}
    - target: {fileID: 6962764224025498906, guid: 982ad48a1ea510c469372dc0493ef07a, type: 3}
      propertyPath: layerSortingOrder
      value: 121
      objectReference: {fileID: 0}
    - target: {fileID: 6962764224025498906, guid: 982ad48a1ea510c469372dc0493ef07a, type: 3}
      propertyPath: fx.Array.data[0]
      value: 
      objectReference: {fileID: 4230173638489732945, guid: 6ddc61e66856865489439cb03a688454, type: 3}
    - target: {fileID: 6962764224025498906, guid: 982ad48a1ea510c469372dc0493ef07a, type: 3}
      propertyPath: layerName
      value: LocationAlwaysTop
      objectReference: {fileID: 0}
    - target: {fileID: 7379136522054155028, guid: 982ad48a1ea510c469372dc0493ef07a, type: 3}
      propertyPath: m_Sprite
      value: 
      objectReference: {fileID: -987808876360225122, guid: 9d9596d8af116f2458086e9a828b64e2, type: 3}
    - target: {fileID: 7379136522054155028, guid: 982ad48a1ea510c469372dc0493ef07a, type: 3}
      propertyPath: m_SortingOrder
      value: 120
      objectReference: {fileID: 0}
    - target: {fileID: 7379136522054155028, guid: 982ad48a1ea510c469372dc0493ef07a, type: 3}
      propertyPath: m_SortingLayerID
      value: -725359351
      objectReference: {fileID: 0}
    - target: {fileID: 7379136522054155028, guid: 982ad48a1ea510c469372dc0493ef07a, type: 3}
      propertyPath: m_SortingLayer
      value: 6
      objectReference: {fileID: 0}
    - target: {fileID: 7379136522054155028, guid: 982ad48a1ea510c469372dc0493ef07a, type: 3}
      propertyPath: m_FlipX
      value: 1
      objectReference: {fileID: 0}
    - target: {fileID: 8451343442907297712, guid: 982ad48a1ea510c469372dc0493ef07a, type: 3}
      propertyPath: m_Offset.y
      value: 0.058321
      objectReference: {fileID: 0}
    - target: {fileID: 8451343442907297712, guid: 982ad48a1ea510c469372dc0493ef07a, type: 3}
      propertyPath: m_SpriteTilingProperty.oldSize.x
      value: 0.81
      objectReference: {fileID: 0}
    - target: {fileID: 8451343442907297712, guid: 982ad48a1ea510c469372dc0493ef07a, type: 3}
      propertyPath: m_SpriteTilingProperty.oldSize.y
      value: 0.81
      objectReference: {fileID: 0}
    - target: {fileID: 8451343442907297712, guid: 982ad48a1ea510c469372dc0493ef07a, type: 3}
      propertyPath: m_Size.y
      value: 0.5524597
      objectReference: {fileID: 0}
    - target: {fileID: 8451343442907297712, guid: 982ad48a1ea510c469372dc0493ef07a, type: 3}
      propertyPath: m_Offset.x
      value: -0.13800049
      objectReference: {fileID: 0}
    - target: {fileID: 8451343442907297712, guid: 982ad48a1ea510c469372dc0493ef07a, type: 3}
      propertyPath: m_Size.x
      value: 0.4585266
      objectReference: {fileID: 0}
    m_RemovedComponents: []
  m_SourcePrefab: {fileID: 100100000, guid: 982ad48a1ea510c469372dc0493ef07a, type: 3}
--- !u!4 &3249520314167015872 stripped
Transform:
  m_CorrespondingSourceObject: {fileID: 1808137508924421871, guid: 982ad48a1ea510c469372dc0493ef07a, type: 3}
  m_PrefabInstance: {fileID: 3751312664956555055}
  m_PrefabAsset: {fileID: 0}
--- !u!1001 &6266008570634262448
PrefabInstance:
  m_ObjectHideFlags: 0
  serializedVersion: 2
  m_Modification:
    m_TransformParent: {fileID: 6167432584923088073}
    m_Modifications:
    - target: {fileID: 1467458858315482898, guid: 982ad48a1ea510c469372dc0493ef07a, type: 3}
      propertyPath: m_Name
      value: item_phisics (26)
      objectReference: {fileID: 0}
    - target: {fileID: 1467458858315482898, guid: 982ad48a1ea510c469372dc0493ef07a, type: 3}
      propertyPath: m_Layer
      value: 16
      objectReference: {fileID: 0}
    - target: {fileID: 1808137508924421871, guid: 982ad48a1ea510c469372dc0493ef07a, type: 3}
      propertyPath: m_LocalPosition.x
      value: -2.1608276
      objectReference: {fileID: 0}
    - target: {fileID: 1808137508924421871, guid: 982ad48a1ea510c469372dc0493ef07a, type: 3}
      propertyPath: m_LocalPosition.y
      value: 3.249998
      objectReference: {fileID: 0}
    - target: {fileID: 1808137508924421871, guid: 982ad48a1ea510c469372dc0493ef07a, type: 3}
      propertyPath: m_LocalPosition.z
      value: 0
      objectReference: {fileID: 0}
    - target: {fileID: 1808137508924421871, guid: 982ad48a1ea510c469372dc0493ef07a, type: 3}
      propertyPath: m_LocalRotation.x
      value: -0
      objectReference: {fileID: 0}
    - target: {fileID: 1808137508924421871, guid: 982ad48a1ea510c469372dc0493ef07a, type: 3}
      propertyPath: m_LocalRotation.y
      value: -0
      objectReference: {fileID: 0}
    - target: {fileID: 1808137508924421871, guid: 982ad48a1ea510c469372dc0493ef07a, type: 3}
      propertyPath: m_LocalRotation.z
      value: -0
      objectReference: {fileID: 0}
    - target: {fileID: 1808137508924421871, guid: 982ad48a1ea510c469372dc0493ef07a, type: 3}
      propertyPath: m_LocalRotation.w
      value: 1
      objectReference: {fileID: 0}
    - target: {fileID: 1808137508924421871, guid: 982ad48a1ea510c469372dc0493ef07a, type: 3}
      propertyPath: m_RootOrder
      value: 4
      objectReference: {fileID: 0}
    - target: {fileID: 1808137508924421871, guid: 982ad48a1ea510c469372dc0493ef07a, type: 3}
      propertyPath: m_LocalEulerAnglesHint.x
      value: 0
      objectReference: {fileID: 0}
    - target: {fileID: 1808137508924421871, guid: 982ad48a1ea510c469372dc0493ef07a, type: 3}
      propertyPath: m_LocalEulerAnglesHint.y
      value: 0
      objectReference: {fileID: 0}
    - target: {fileID: 1808137508924421871, guid: 982ad48a1ea510c469372dc0493ef07a, type: 3}
      propertyPath: m_LocalEulerAnglesHint.z
      value: 0
      objectReference: {fileID: 0}
    - target: {fileID: 2624718922426506853, guid: 982ad48a1ea510c469372dc0493ef07a, type: 3}
      propertyPath: m_Mass
      value: 250
      objectReference: {fileID: 0}
    - target: {fileID: 6962764224025498906, guid: 982ad48a1ea510c469372dc0493ef07a, type: 3}
      propertyPath: layerSortingOrder
      value: 121
      objectReference: {fileID: 0}
    - target: {fileID: 6962764224025498906, guid: 982ad48a1ea510c469372dc0493ef07a, type: 3}
      propertyPath: fx.Array.data[0]
      value: 
      objectReference: {fileID: 4230173638489732945, guid: 6ddc61e66856865489439cb03a688454, type: 3}
    - target: {fileID: 6962764224025498906, guid: 982ad48a1ea510c469372dc0493ef07a, type: 3}
      propertyPath: layerName
      value: LocationAlwaysTop
      objectReference: {fileID: 0}
    - target: {fileID: 7379136522054155028, guid: 982ad48a1ea510c469372dc0493ef07a, type: 3}
      propertyPath: m_Sprite
      value: 
      objectReference: {fileID: -987808876360225122, guid: 9d9596d8af116f2458086e9a828b64e2, type: 3}
    - target: {fileID: 7379136522054155028, guid: 982ad48a1ea510c469372dc0493ef07a, type: 3}
      propertyPath: m_SortingOrder
      value: 120
      objectReference: {fileID: 0}
    - target: {fileID: 7379136522054155028, guid: 982ad48a1ea510c469372dc0493ef07a, type: 3}
      propertyPath: m_SortingLayerID
      value: -725359351
      objectReference: {fileID: 0}
    - target: {fileID: 7379136522054155028, guid: 982ad48a1ea510c469372dc0493ef07a, type: 3}
      propertyPath: m_SortingLayer
      value: 6
      objectReference: {fileID: 0}
    - target: {fileID: 8451343442907297712, guid: 982ad48a1ea510c469372dc0493ef07a, type: 3}
      propertyPath: m_Offset.y
      value: -0.01210928
      objectReference: {fileID: 0}
    - target: {fileID: 8451343442907297712, guid: 982ad48a1ea510c469372dc0493ef07a, type: 3}
      propertyPath: m_SpriteTilingProperty.oldSize.x
      value: 0.81
      objectReference: {fileID: 0}
    - target: {fileID: 8451343442907297712, guid: 982ad48a1ea510c469372dc0493ef07a, type: 3}
      propertyPath: m_SpriteTilingProperty.oldSize.y
      value: 0.81
      objectReference: {fileID: 0}
    - target: {fileID: 8451343442907297712, guid: 982ad48a1ea510c469372dc0493ef07a, type: 3}
      propertyPath: m_Size.y
      value: 0.6933203
      objectReference: {fileID: 0}
    - target: {fileID: 8451343442907297712, guid: 982ad48a1ea510c469372dc0493ef07a, type: 3}
      propertyPath: m_Offset.x
      value: 0.09285736
      objectReference: {fileID: 0}
    - target: {fileID: 8451343442907297712, guid: 982ad48a1ea510c469372dc0493ef07a, type: 3}
      propertyPath: m_Size.x
      value: 0.45069885
      objectReference: {fileID: 0}
    m_RemovedComponents: []
  m_SourcePrefab: {fileID: 100100000, guid: 982ad48a1ea510c469372dc0493ef07a, type: 3}
--- !u!4 &5756337978511892831 stripped
Transform:
  m_CorrespondingSourceObject: {fileID: 1808137508924421871, guid: 982ad48a1ea510c469372dc0493ef07a, type: 3}
  m_PrefabInstance: {fileID: 6266008570634262448}
  m_PrefabAsset: {fileID: 0}
--- !u!1001 &7027136919646615661
PrefabInstance:
  m_ObjectHideFlags: 0
  serializedVersion: 2
  m_Modification:
    m_TransformParent: {fileID: 6167432584923088073}
    m_Modifications:
    - target: {fileID: 519938151996300674, guid: 92351839aee6c7c47ae8da4eaf5184e9, type: 3}
      propertyPath: m_LocalPosition.x
      value: 7.77
      objectReference: {fileID: 0}
    - target: {fileID: 519938151996300674, guid: 92351839aee6c7c47ae8da4eaf5184e9, type: 3}
      propertyPath: m_LocalPosition.y
      value: 3.19
      objectReference: {fileID: 0}
    - target: {fileID: 519938151996300674, guid: 92351839aee6c7c47ae8da4eaf5184e9, type: 3}
      propertyPath: m_LocalPosition.z
      value: 0
      objectReference: {fileID: 0}
    - target: {fileID: 519938151996300674, guid: 92351839aee6c7c47ae8da4eaf5184e9, type: 3}
      propertyPath: m_LocalRotation.x
      value: 0
      objectReference: {fileID: 0}
    - target: {fileID: 519938151996300674, guid: 92351839aee6c7c47ae8da4eaf5184e9, type: 3}
      propertyPath: m_LocalRotation.y
      value: 0
      objectReference: {fileID: 0}
    - target: {fileID: 519938151996300674, guid: 92351839aee6c7c47ae8da4eaf5184e9, type: 3}
      propertyPath: m_LocalRotation.z
      value: 0
      objectReference: {fileID: 0}
    - target: {fileID: 519938151996300674, guid: 92351839aee6c7c47ae8da4eaf5184e9, type: 3}
      propertyPath: m_LocalRotation.w
      value: 1
      objectReference: {fileID: 0}
    - target: {fileID: 519938151996300674, guid: 92351839aee6c7c47ae8da4eaf5184e9, type: 3}
      propertyPath: m_RootOrder
      value: 8
      objectReference: {fileID: 0}
    - target: {fileID: 519938151996300674, guid: 92351839aee6c7c47ae8da4eaf5184e9, type: 3}
      propertyPath: m_LocalEulerAnglesHint.x
      value: 0
      objectReference: {fileID: 0}
    - target: {fileID: 519938151996300674, guid: 92351839aee6c7c47ae8da4eaf5184e9, type: 3}
      propertyPath: m_LocalEulerAnglesHint.y
      value: 0
      objectReference: {fileID: 0}
    - target: {fileID: 519938151996300674, guid: 92351839aee6c7c47ae8da4eaf5184e9, type: 3}
      propertyPath: m_LocalEulerAnglesHint.z
      value: 0
      objectReference: {fileID: 0}
    - target: {fileID: 519938151996300675, guid: 92351839aee6c7c47ae8da4eaf5184e9, type: 3}
      propertyPath: m_Name
      value: bottomCover_rev
      objectReference: {fileID: 0}
    m_RemovedComponents: []
  m_SourcePrefab: {fileID: 100100000, guid: 92351839aee6c7c47ae8da4eaf5184e9, type: 3}
--- !u!4 &7400073012625024495 stripped
Transform:
  m_CorrespondingSourceObject: {fileID: 519938151996300674, guid: 92351839aee6c7c47ae8da4eaf5184e9, type: 3}
  m_PrefabInstance: {fileID: 7027136919646615661}
  m_PrefabAsset: {fileID: 0}
--- !u!1001 &7260877329998397720
PrefabInstance:
  m_ObjectHideFlags: 0
  serializedVersion: 2
  m_Modification:
    m_TransformParent: {fileID: 6167432584923088073}
    m_Modifications:
    - target: {fileID: 1914136683825950749, guid: f5cab079fb6ac6c4d967c9c61ccea2c0, type: 3}
      propertyPath: layerName
      value: LocationAlwaysTop
      objectReference: {fileID: 0}
    - target: {fileID: 1914136683825950749, guid: f5cab079fb6ac6c4d967c9c61ccea2c0, type: 3}
      propertyPath: layerSortingOrder
      value: 112
      objectReference: {fileID: 0}
    - target: {fileID: 2509781037189691021, guid: f5cab079fb6ac6c4d967c9c61ccea2c0, type: 3}
      propertyPath: m_LocalPosition.x
      value: 0.28
      objectReference: {fileID: 0}
    - target: {fileID: 4582762648281088280, guid: f5cab079fb6ac6c4d967c9c61ccea2c0, type: 3}
      propertyPath: m_SortingLayerID
      value: -725359351
      objectReference: {fileID: 0}
    - target: {fileID: 4582762648281088280, guid: f5cab079fb6ac6c4d967c9c61ccea2c0, type: 3}
      propertyPath: m_SortingLayer
      value: 6
      objectReference: {fileID: 0}
    - target: {fileID: 4582762648281088280, guid: f5cab079fb6ac6c4d967c9c61ccea2c0, type: 3}
      propertyPath: m_SortingOrder
      value: 111
      objectReference: {fileID: 0}
    - target: {fileID: 5518415257805872552, guid: f5cab079fb6ac6c4d967c9c61ccea2c0, type: 3}
      propertyPath: m_Offset.y
      value: -1.5507889
      objectReference: {fileID: 0}
    - target: {fileID: 5518415257805872552, guid: f5cab079fb6ac6c4d967c9c61ccea2c0, type: 3}
      propertyPath: m_Size.y
      value: 2.8273659
      objectReference: {fileID: 0}
    - target: {fileID: 6168049122549706197, guid: f5cab079fb6ac6c4d967c9c61ccea2c0, type: 3}
      propertyPath: m_Name
      value: chair_001 (1)
      objectReference: {fileID: 0}
    - target: {fileID: 6168049122549706197, guid: f5cab079fb6ac6c4d967c9c61ccea2c0, type: 3}
      propertyPath: m_Layer
      value: 16
      objectReference: {fileID: 0}
    - target: {fileID: 6400726186227850280, guid: f5cab079fb6ac6c4d967c9c61ccea2c0, type: 3}
      propertyPath: m_LocalPosition.x
      value: -4.062195
      objectReference: {fileID: 0}
    - target: {fileID: 6400726186227850280, guid: f5cab079fb6ac6c4d967c9c61ccea2c0, type: 3}
      propertyPath: m_LocalPosition.y
      value: 0.87569046
      objectReference: {fileID: 0}
    - target: {fileID: 6400726186227850280, guid: f5cab079fb6ac6c4d967c9c61ccea2c0, type: 3}
      propertyPath: m_LocalPosition.z
      value: 0
      objectReference: {fileID: 0}
    - target: {fileID: 6400726186227850280, guid: f5cab079fb6ac6c4d967c9c61ccea2c0, type: 3}
      propertyPath: m_LocalRotation.x
      value: -0
      objectReference: {fileID: 0}
    - target: {fileID: 6400726186227850280, guid: f5cab079fb6ac6c4d967c9c61ccea2c0, type: 3}
      propertyPath: m_LocalRotation.y
      value: -0
      objectReference: {fileID: 0}
    - target: {fileID: 6400726186227850280, guid: f5cab079fb6ac6c4d967c9c61ccea2c0, type: 3}
      propertyPath: m_LocalRotation.z
      value: -0
      objectReference: {fileID: 0}
    - target: {fileID: 6400726186227850280, guid: f5cab079fb6ac6c4d967c9c61ccea2c0, type: 3}
      propertyPath: m_LocalRotation.w
      value: 1
      objectReference: {fileID: 0}
    - target: {fileID: 6400726186227850280, guid: f5cab079fb6ac6c4d967c9c61ccea2c0, type: 3}
      propertyPath: m_RootOrder
      value: 1
      objectReference: {fileID: 0}
    - target: {fileID: 6400726186227850280, guid: f5cab079fb6ac6c4d967c9c61ccea2c0, type: 3}
      propertyPath: m_LocalEulerAnglesHint.x
      value: 0
      objectReference: {fileID: 0}
    - target: {fileID: 6400726186227850280, guid: f5cab079fb6ac6c4d967c9c61ccea2c0, type: 3}
      propertyPath: m_LocalEulerAnglesHint.y
      value: 0
      objectReference: {fileID: 0}
    - target: {fileID: 6400726186227850280, guid: f5cab079fb6ac6c4d967c9c61ccea2c0, type: 3}
      propertyPath: m_LocalEulerAnglesHint.z
      value: 0
      objectReference: {fileID: 0}
    - target: {fileID: 7424126118320136306, guid: f5cab079fb6ac6c4d967c9c61ccea2c0, type: 3}
      propertyPath: m_Offset.y
      value: -0.075265646
      objectReference: {fileID: 0}
    - target: {fileID: 7424126118320136306, guid: f5cab079fb6ac6c4d967c9c61ccea2c0, type: 3}
      propertyPath: m_Size.y
      value: 5.7589993
      objectReference: {fileID: 0}
    m_RemovedComponents: []
  m_SourcePrefab: {fileID: 100100000, guid: f5cab079fb6ac6c4d967c9c61ccea2c0, type: 3}
--- !u!4 &4327998806984170800 stripped
Transform:
  m_CorrespondingSourceObject: {fileID: 6400726186227850280, guid: f5cab079fb6ac6c4d967c9c61ccea2c0, type: 3}
  m_PrefabInstance: {fileID: 7260877329998397720}
  m_PrefabAsset: {fileID: 0}
--- !u!1001 &8481561965173091803
PrefabInstance:
  m_ObjectHideFlags: 0
  serializedVersion: 2
  m_Modification:
    m_TransformParent: {fileID: 6167432584923088073}
    m_Modifications:
    - target: {fileID: 1467458858315482898, guid: 982ad48a1ea510c469372dc0493ef07a, type: 3}
      propertyPath: m_Name
      value: item_phisics (25)
      objectReference: {fileID: 0}
    - target: {fileID: 1467458858315482898, guid: 982ad48a1ea510c469372dc0493ef07a, type: 3}
      propertyPath: m_Layer
      value: 16
      objectReference: {fileID: 0}
    - target: {fileID: 1808137508924421871, guid: 982ad48a1ea510c469372dc0493ef07a, type: 3}
      propertyPath: m_LocalPosition.x
      value: 0.5291443
      objectReference: {fileID: 0}
    - target: {fileID: 1808137508924421871, guid: 982ad48a1ea510c469372dc0493ef07a, type: 3}
      propertyPath: m_LocalPosition.y
      value: 3.0900002
      objectReference: {fileID: 0}
    - target: {fileID: 1808137508924421871, guid: 982ad48a1ea510c469372dc0493ef07a, type: 3}
      propertyPath: m_LocalPosition.z
      value: 0
      objectReference: {fileID: 0}
    - target: {fileID: 1808137508924421871, guid: 982ad48a1ea510c469372dc0493ef07a, type: 3}
      propertyPath: m_LocalRotation.x
      value: -0
      objectReference: {fileID: 0}
    - target: {fileID: 1808137508924421871, guid: 982ad48a1ea510c469372dc0493ef07a, type: 3}
      propertyPath: m_LocalRotation.y
      value: -0
      objectReference: {fileID: 0}
    - target: {fileID: 1808137508924421871, guid: 982ad48a1ea510c469372dc0493ef07a, type: 3}
      propertyPath: m_LocalRotation.z
      value: -0
      objectReference: {fileID: 0}
    - target: {fileID: 1808137508924421871, guid: 982ad48a1ea510c469372dc0493ef07a, type: 3}
      propertyPath: m_LocalRotation.w
      value: 1
      objectReference: {fileID: 0}
    - target: {fileID: 1808137508924421871, guid: 982ad48a1ea510c469372dc0493ef07a, type: 3}
      propertyPath: m_RootOrder
      value: 3
      objectReference: {fileID: 0}
    - target: {fileID: 1808137508924421871, guid: 982ad48a1ea510c469372dc0493ef07a, type: 3}
      propertyPath: m_LocalEulerAnglesHint.x
      value: 0
      objectReference: {fileID: 0}
    - target: {fileID: 1808137508924421871, guid: 982ad48a1ea510c469372dc0493ef07a, type: 3}
      propertyPath: m_LocalEulerAnglesHint.y
      value: 0
      objectReference: {fileID: 0}
    - target: {fileID: 1808137508924421871, guid: 982ad48a1ea510c469372dc0493ef07a, type: 3}
      propertyPath: m_LocalEulerAnglesHint.z
      value: 0
      objectReference: {fileID: 0}
    - target: {fileID: 2624718922426506853, guid: 982ad48a1ea510c469372dc0493ef07a, type: 3}
      propertyPath: m_Mass
      value: 2000
      objectReference: {fileID: 0}
    - target: {fileID: 6962764224025498906, guid: 982ad48a1ea510c469372dc0493ef07a, type: 3}
      propertyPath: layerSortingOrder
      value: 121
      objectReference: {fileID: 0}
    - target: {fileID: 6962764224025498906, guid: 982ad48a1ea510c469372dc0493ef07a, type: 3}
      propertyPath: fx.Array.data[0]
      value: 
      objectReference: {fileID: 4230173638489732945, guid: 6037c4ed50408a9458b1b5d4186e800b, type: 3}
    - target: {fileID: 6962764224025498906, guid: 982ad48a1ea510c469372dc0493ef07a, type: 3}
      propertyPath: layerName
      value: LocationAlwaysTop
      objectReference: {fileID: 0}
    - target: {fileID: 7379136522054155028, guid: 982ad48a1ea510c469372dc0493ef07a, type: 3}
      propertyPath: m_Sprite
      value: 
      objectReference: {fileID: 1824335025544846844, guid: 4b399db1087529444ae26ee5aa3dec4f, type: 3}
    - target: {fileID: 7379136522054155028, guid: 982ad48a1ea510c469372dc0493ef07a, type: 3}
      propertyPath: m_SortingOrder
      value: 120
      objectReference: {fileID: 0}
    - target: {fileID: 7379136522054155028, guid: 982ad48a1ea510c469372dc0493ef07a, type: 3}
      propertyPath: m_SortingLayerID
      value: -725359351
      objectReference: {fileID: 0}
    - target: {fileID: 7379136522054155028, guid: 982ad48a1ea510c469372dc0493ef07a, type: 3}
      propertyPath: m_SortingLayer
      value: 6
      objectReference: {fileID: 0}
    - target: {fileID: 8451343442907297712, guid: 982ad48a1ea510c469372dc0493ef07a, type: 3}
      propertyPath: m_Offset.y
      value: 0.18609214
      objectReference: {fileID: 0}
    - target: {fileID: 8451343442907297712, guid: 982ad48a1ea510c469372dc0493ef07a, type: 3}
      propertyPath: m_SpriteTilingProperty.oldSize.x
      value: 2.3
      objectReference: {fileID: 0}
    - target: {fileID: 8451343442907297712, guid: 982ad48a1ea510c469372dc0493ef07a, type: 3}
      propertyPath: m_SpriteTilingProperty.oldSize.y
      value: 1.69
      objectReference: {fileID: 0}
    - target: {fileID: 8451343442907297712, guid: 982ad48a1ea510c469372dc0493ef07a, type: 3}
      propertyPath: m_Size.y
      value: 0.75122786
      objectReference: {fileID: 0}
    - target: {fileID: 8451343442907297712, guid: 982ad48a1ea510c469372dc0493ef07a, type: 3}
      propertyPath: m_Offset.x
      value: -0.12956238
      objectReference: {fileID: 0}
    - target: {fileID: 8451343442907297712, guid: 982ad48a1ea510c469372dc0493ef07a, type: 3}
      propertyPath: m_Size.x
      value: 1.4823608
      objectReference: {fileID: 0}
    m_RemovedComponents: []
  m_SourcePrefab: {fileID: 100100000, guid: 982ad48a1ea510c469372dc0493ef07a, type: 3}
--- !u!4 &7828176269906074420 stripped
Transform:
  m_CorrespondingSourceObject: {fileID: 1808137508924421871, guid: 982ad48a1ea510c469372dc0493ef07a, type: 3}
  m_PrefabInstance: {fileID: 8481561965173091803}
  m_PrefabAsset: {fileID: 0}
