%YAML 1.1
%TAG !u! tag:unity3d.com,2011:
--- !u!1 &1719772867500040354
GameObject:
  m_ObjectHideFlags: 0
  m_CorrespondingSourceObject: {fileID: 0}
  m_PrefabInstance: {fileID: 0}
  m_PrefabAsset: {fileID: 0}
  serializedVersion: 6
  m_Component:
  - component: {fileID: 5330159028779616817}
  m_Layer: 0
  m_Name: x3_2
  m_TagString: Untagged
  m_Icon: {fileID: 0}
  m_NavMeshLayer: 0
  m_StaticEditorFlags: 0
  m_IsActive: 1
--- !u!4 &5330159028779616817
Transform:
  m_ObjectHideFlags: 0
  m_CorrespondingSourceObject: {fileID: 0}
  m_PrefabInstance: {fileID: 0}
  m_PrefabAsset: {fileID: 0}
  m_GameObject: {fileID: 1719772867500040354}
  m_LocalRotation: {x: -0, y: -0, z: -0, w: 1}
  m_LocalPosition: {x: 0, y: 0, z: 0}
  m_LocalScale: {x: 1, y: 1, z: 1}
  m_Children:
  - {fileID: 638688260617246881}
  - {fileID: 423778797711132748}
  - {fileID: 2917967225752524707}
  - {fileID: 8333559993483905065}
  - {fileID: 2346153088428782930}
  - {fileID: 288840410643139509}
  - {fileID: 7819328393443965539}
  - {fileID: 6539085421045753109}
  - {fileID: 5810456358735418840}
  m_Father: {fileID: 0}
  m_RootOrder: 0
  m_LocalEulerAnglesHint: {x: 0, y: 0, z: 0}
--- !u!1001 &1989529499353712265
PrefabInstance:
  m_ObjectHideFlags: 0
  serializedVersion: 2
  m_Modification:
    m_TransformParent: {fileID: 5330159028779616817}
    m_Modifications:
    - target: {fileID: 2995339003516814169, guid: 5c46cb9e63a62e1478592cd2e5faecf7, type: 3}
      propertyPath: layerName
      value: LocationAlwaysTop
      objectReference: {fileID: 0}
    - target: {fileID: 2995339003516814169, guid: 5c46cb9e63a62e1478592cd2e5faecf7, type: 3}
      propertyPath: layerSortingOrder
      value: 102
      objectReference: {fileID: 0}
    - target: {fileID: 3738701491500060970, guid: 5c46cb9e63a62e1478592cd2e5faecf7, type: 3}
      propertyPath: m_LocalPosition.x
      value: 4.848877
      objectReference: {fileID: 0}
    - target: {fileID: 3738701491500060970, guid: 5c46cb9e63a62e1478592cd2e5faecf7, type: 3}
      propertyPath: m_LocalPosition.y
      value: 0.87569046
      objectReference: {fileID: 0}
    - target: {fileID: 3738701491500060970, guid: 5c46cb9e63a62e1478592cd2e5faecf7, type: 3}
      propertyPath: m_LocalPosition.z
      value: 0
      objectReference: {fileID: 0}
    - target: {fileID: 3738701491500060970, guid: 5c46cb9e63a62e1478592cd2e5faecf7, type: 3}
      propertyPath: m_LocalRotation.x
      value: -0
      objectReference: {fileID: 0}
    - target: {fileID: 3738701491500060970, guid: 5c46cb9e63a62e1478592cd2e5faecf7, type: 3}
      propertyPath: m_LocalRotation.y
      value: -0
      objectReference: {fileID: 0}
    - target: {fileID: 3738701491500060970, guid: 5c46cb9e63a62e1478592cd2e5faecf7, type: 3}
      propertyPath: m_LocalRotation.z
      value: -0
      objectReference: {fileID: 0}
    - target: {fileID: 3738701491500060970, guid: 5c46cb9e63a62e1478592cd2e5faecf7, type: 3}
      propertyPath: m_LocalRotation.w
      value: 1
      objectReference: {fileID: 0}
    - target: {fileID: 3738701491500060970, guid: 5c46cb9e63a62e1478592cd2e5faecf7, type: 3}
      propertyPath: m_RootOrder
      value: 2
      objectReference: {fileID: 0}
    - target: {fileID: 3738701491500060970, guid: 5c46cb9e63a62e1478592cd2e5faecf7, type: 3}
      propertyPath: m_LocalEulerAnglesHint.x
      value: 0
      objectReference: {fileID: 0}
    - target: {fileID: 3738701491500060970, guid: 5c46cb9e63a62e1478592cd2e5faecf7, type: 3}
      propertyPath: m_LocalEulerAnglesHint.y
      value: 0
      objectReference: {fileID: 0}
    - target: {fileID: 3738701491500060970, guid: 5c46cb9e63a62e1478592cd2e5faecf7, type: 3}
      propertyPath: m_LocalEulerAnglesHint.z
      value: 0
      objectReference: {fileID: 0}
    - target: {fileID: 4514916076761342167, guid: 5c46cb9e63a62e1478592cd2e5faecf7, type: 3}
      propertyPath: m_Name
      value: chair_001_rev (2)
      objectReference: {fileID: 0}
    - target: {fileID: 4514916076761342167, guid: 5c46cb9e63a62e1478592cd2e5faecf7, type: 3}
      propertyPath: m_Layer
      value: 16
      objectReference: {fileID: 0}
    - target: {fileID: 5575256027977430475, guid: 5c46cb9e63a62e1478592cd2e5faecf7, type: 3}
      propertyPath: m_Offset.y
      value: -1.5901539
      objectReference: {fileID: 0}
    - target: {fileID: 5575256027977430475, guid: 5c46cb9e63a62e1478592cd2e5faecf7, type: 3}
      propertyPath: m_Size.y
      value: 2.761064
      objectReference: {fileID: 0}
    - target: {fileID: 6100202551096527898, guid: 5c46cb9e63a62e1478592cd2e5faecf7, type: 3}
      propertyPath: m_SortingLayerID
      value: -725359351
      objectReference: {fileID: 0}
    - target: {fileID: 6100202551096527898, guid: 5c46cb9e63a62e1478592cd2e5faecf7, type: 3}
      propertyPath: m_SortingLayer
      value: 6
      objectReference: {fileID: 0}
    - target: {fileID: 8763513835213517774, guid: 5c46cb9e63a62e1478592cd2e5faecf7, type: 3}
      propertyPath: m_Offset.y
      value: -0.08551669
      objectReference: {fileID: 0}
    - target: {fileID: 8763513835213517774, guid: 5c46cb9e63a62e1478592cd2e5faecf7, type: 3}
      propertyPath: m_Size.y
      value: 5.7795014
      objectReference: {fileID: 0}
    m_RemovedComponents: []
  m_SourcePrefab: {fileID: 100100000, guid: 5c46cb9e63a62e1478592cd2e5faecf7, type: 3}
--- !u!4 &2917967225752524707 stripped
Transform:
  m_CorrespondingSourceObject: {fileID: 3738701491500060970, guid: 5c46cb9e63a62e1478592cd2e5faecf7, type: 3}
  m_PrefabInstance: {fileID: 1989529499353712265}
  m_PrefabAsset: {fileID: 0}
--- !u!1001 &2095829342227955034
PrefabInstance:
  m_ObjectHideFlags: 0
  serializedVersion: 2
  m_Modification:
    m_TransformParent: {fileID: 5330159028779616817}
    m_Modifications:
    - target: {fileID: 1467458858315482898, guid: 982ad48a1ea510c469372dc0493ef07a, type: 3}
      propertyPath: m_Name
      value: item_phisics (33)
      objectReference: {fileID: 0}
    - target: {fileID: 1467458858315482898, guid: 982ad48a1ea510c469372dc0493ef07a, type: 3}
      propertyPath: m_Layer
      value: 16
      objectReference: {fileID: 0}
    - target: {fileID: 1808137508924421871, guid: 982ad48a1ea510c469372dc0493ef07a, type: 3}
      propertyPath: m_LocalPosition.x
      value: -4.201126
      objectReference: {fileID: 0}
    - target: {fileID: 1808137508924421871, guid: 982ad48a1ea510c469372dc0493ef07a, type: 3}
      propertyPath: m_LocalPosition.y
      value: 4.050001
      objectReference: {fileID: 0}
    - target: {fileID: 1808137508924421871, guid: 982ad48a1ea510c469372dc0493ef07a, type: 3}
      propertyPath: m_LocalPosition.z
      value: 0
      objectReference: {fileID: 0}
    - target: {fileID: 1808137508924421871, guid: 982ad48a1ea510c469372dc0493ef07a, type: 3}
      propertyPath: m_LocalRotation.x
      value: -0
      objectReference: {fileID: 0}
    - target: {fileID: 1808137508924421871, guid: 982ad48a1ea510c469372dc0493ef07a, type: 3}
      propertyPath: m_LocalRotation.y
      value: -0
      objectReference: {fileID: 0}
    - target: {fileID: 1808137508924421871, guid: 982ad48a1ea510c469372dc0493ef07a, type: 3}
      propertyPath: m_LocalRotation.z
      value: -0
      objectReference: {fileID: 0}
    - target: {fileID: 1808137508924421871, guid: 982ad48a1ea510c469372dc0493ef07a, type: 3}
      propertyPath: m_LocalRotation.w
      value: 1
      objectReference: {fileID: 0}
    - target: {fileID: 1808137508924421871, guid: 982ad48a1ea510c469372dc0493ef07a, type: 3}
      propertyPath: m_RootOrder
      value: 5
      objectReference: {fileID: 0}
    - target: {fileID: 1808137508924421871, guid: 982ad48a1ea510c469372dc0493ef07a, type: 3}
      propertyPath: m_LocalEulerAnglesHint.x
      value: 0
      objectReference: {fileID: 0}
    - target: {fileID: 1808137508924421871, guid: 982ad48a1ea510c469372dc0493ef07a, type: 3}
      propertyPath: m_LocalEulerAnglesHint.y
      value: 0
      objectReference: {fileID: 0}
    - target: {fileID: 1808137508924421871, guid: 982ad48a1ea510c469372dc0493ef07a, type: 3}
      propertyPath: m_LocalEulerAnglesHint.z
      value: 0
      objectReference: {fileID: 0}
    - target: {fileID: 2624718922426506853, guid: 982ad48a1ea510c469372dc0493ef07a, type: 3}
      propertyPath: m_Mass
      value: 1500
      objectReference: {fileID: 0}
    - target: {fileID: 6962764224025498906, guid: 982ad48a1ea510c469372dc0493ef07a, type: 3}
      propertyPath: layerSortingOrder
      value: 121
      objectReference: {fileID: 0}
    - target: {fileID: 6962764224025498906, guid: 982ad48a1ea510c469372dc0493ef07a, type: 3}
      propertyPath: fx.Array.data[0]
      value: 
      objectReference: {fileID: 4230173638489732945, guid: db49728c29e90924aa2080d78033752b, type: 3}
    - target: {fileID: 6962764224025498906, guid: 982ad48a1ea510c469372dc0493ef07a, type: 3}
      propertyPath: layerName
      value: LocationAlwaysTop
      objectReference: {fileID: 0}
    - target: {fileID: 7379136522054155028, guid: 982ad48a1ea510c469372dc0493ef07a, type: 3}
      propertyPath: m_Sprite
      value: 
      objectReference: {fileID: -1072572508463915749, guid: 4b399db1087529444ae26ee5aa3dec4f, type: 3}
    - target: {fileID: 7379136522054155028, guid: 982ad48a1ea510c469372dc0493ef07a, type: 3}
      propertyPath: m_SortingOrder
      value: 120
      objectReference: {fileID: 0}
    - target: {fileID: 7379136522054155028, guid: 982ad48a1ea510c469372dc0493ef07a, type: 3}
      propertyPath: m_SortingLayerID
      value: -725359351
      objectReference: {fileID: 0}
    - target: {fileID: 7379136522054155028, guid: 982ad48a1ea510c469372dc0493ef07a, type: 3}
      propertyPath: m_SortingLayer
      value: 6
      objectReference: {fileID: 0}
    - target: {fileID: 7379136522054155028, guid: 982ad48a1ea510c469372dc0493ef07a, type: 3}
      propertyPath: m_FlipX
      value: 0
      objectReference: {fileID: 0}
    - target: {fileID: 8451343442907297712, guid: 982ad48a1ea510c469372dc0493ef07a, type: 3}
      propertyPath: m_Offset.y
      value: -0.047042847
      objectReference: {fileID: 0}
    - target: {fileID: 8451343442907297712, guid: 982ad48a1ea510c469372dc0493ef07a, type: 3}
      propertyPath: m_SpriteTilingProperty.oldSize.x
      value: 3.27
      objectReference: {fileID: 0}
    - target: {fileID: 8451343442907297712, guid: 982ad48a1ea510c469372dc0493ef07a, type: 3}
      propertyPath: m_SpriteTilingProperty.oldSize.y
      value: 2.1
      objectReference: {fileID: 0}
    - target: {fileID: 8451343442907297712, guid: 982ad48a1ea510c469372dc0493ef07a, type: 3}
      propertyPath: m_Size.y
      value: 1.49617
      objectReference: {fileID: 0}
    - target: {fileID: 8451343442907297712, guid: 982ad48a1ea510c469372dc0493ef07a, type: 3}
      propertyPath: m_Offset.x
      value: 0.022575378
      objectReference: {fileID: 0}
    - target: {fileID: 8451343442907297712, guid: 982ad48a1ea510c469372dc0493ef07a, type: 3}
      propertyPath: m_Size.x
      value: 2.2983246
      objectReference: {fileID: 0}
    m_RemovedComponents: []
  m_SourcePrefab: {fileID: 100100000, guid: 982ad48a1ea510c469372dc0493ef07a, type: 3}
--- !u!4 &288840410643139509 stripped
Transform:
  m_CorrespondingSourceObject: {fileID: 1808137508924421871, guid: 982ad48a1ea510c469372dc0493ef07a, type: 3}
  m_PrefabInstance: {fileID: 2095829342227955034}
  m_PrefabAsset: {fileID: 0}
--- !u!1001 &4150347095804756925
PrefabInstance:
  m_ObjectHideFlags: 0
  serializedVersion: 2
  m_Modification:
    m_TransformParent: {fileID: 5330159028779616817}
    m_Modifications:
    - target: {fileID: 1467458858315482898, guid: 982ad48a1ea510c469372dc0493ef07a, type: 3}
      propertyPath: m_Name
      value: item_phisics (31)
      objectReference: {fileID: 0}
    - target: {fileID: 1467458858315482898, guid: 982ad48a1ea510c469372dc0493ef07a, type: 3}
      propertyPath: m_Layer
      value: 16
      objectReference: {fileID: 0}
    - target: {fileID: 1808137508924421871, guid: 982ad48a1ea510c469372dc0493ef07a, type: 3}
      propertyPath: m_LocalPosition.x
      value: -0.09114075
      objectReference: {fileID: 0}
    - target: {fileID: 1808137508924421871, guid: 982ad48a1ea510c469372dc0493ef07a, type: 3}
      propertyPath: m_LocalPosition.y
      value: 3.1000004
      objectReference: {fileID: 0}
    - target: {fileID: 1808137508924421871, guid: 982ad48a1ea510c469372dc0493ef07a, type: 3}
      propertyPath: m_LocalPosition.z
      value: 0
      objectReference: {fileID: 0}
    - target: {fileID: 1808137508924421871, guid: 982ad48a1ea510c469372dc0493ef07a, type: 3}
      propertyPath: m_LocalRotation.x
      value: -0
      objectReference: {fileID: 0}
    - target: {fileID: 1808137508924421871, guid: 982ad48a1ea510c469372dc0493ef07a, type: 3}
      propertyPath: m_LocalRotation.y
      value: -0
      objectReference: {fileID: 0}
    - target: {fileID: 1808137508924421871, guid: 982ad48a1ea510c469372dc0493ef07a, type: 3}
      propertyPath: m_LocalRotation.z
      value: -0
      objectReference: {fileID: 0}
    - target: {fileID: 1808137508924421871, guid: 982ad48a1ea510c469372dc0493ef07a, type: 3}
      propertyPath: m_LocalRotation.w
      value: 1
      objectReference: {fileID: 0}
    - target: {fileID: 1808137508924421871, guid: 982ad48a1ea510c469372dc0493ef07a, type: 3}
      propertyPath: m_RootOrder
      value: 4
      objectReference: {fileID: 0}
    - target: {fileID: 1808137508924421871, guid: 982ad48a1ea510c469372dc0493ef07a, type: 3}
      propertyPath: m_LocalEulerAnglesHint.x
      value: 0
      objectReference: {fileID: 0}
    - target: {fileID: 1808137508924421871, guid: 982ad48a1ea510c469372dc0493ef07a, type: 3}
      propertyPath: m_LocalEulerAnglesHint.y
      value: 0
      objectReference: {fileID: 0}
    - target: {fileID: 1808137508924421871, guid: 982ad48a1ea510c469372dc0493ef07a, type: 3}
      propertyPath: m_LocalEulerAnglesHint.z
      value: 0
      objectReference: {fileID: 0}
    - target: {fileID: 2624718922426506853, guid: 982ad48a1ea510c469372dc0493ef07a, type: 3}
      propertyPath: m_Mass
      value: 2200
      objectReference: {fileID: 0}
    - target: {fileID: 6962764224025498906, guid: 982ad48a1ea510c469372dc0493ef07a, type: 3}
      propertyPath: layerSortingOrder
      value: 121
      objectReference: {fileID: 0}
    - target: {fileID: 6962764224025498906, guid: 982ad48a1ea510c469372dc0493ef07a, type: 3}
      propertyPath: fx.Array.data[0]
      value: 
      objectReference: {fileID: 4230173638489732945, guid: 6037c4ed50408a9458b1b5d4186e800b, type: 3}
    - target: {fileID: 6962764224025498906, guid: 982ad48a1ea510c469372dc0493ef07a, type: 3}
      propertyPath: layerName
      value: LocationAlwaysTop
      objectReference: {fileID: 0}
    - target: {fileID: 7379136522054155028, guid: 982ad48a1ea510c469372dc0493ef07a, type: 3}
      propertyPath: m_Sprite
      value: 
      objectReference: {fileID: 5419596503429418676, guid: 4b399db1087529444ae26ee5aa3dec4f, type: 3}
    - target: {fileID: 7379136522054155028, guid: 982ad48a1ea510c469372dc0493ef07a, type: 3}
      propertyPath: m_SortingOrder
      value: 120
      objectReference: {fileID: 0}
    - target: {fileID: 7379136522054155028, guid: 982ad48a1ea510c469372dc0493ef07a, type: 3}
      propertyPath: m_SortingLayerID
      value: -725359351
      objectReference: {fileID: 0}
    - target: {fileID: 7379136522054155028, guid: 982ad48a1ea510c469372dc0493ef07a, type: 3}
      propertyPath: m_SortingLayer
      value: 6
      objectReference: {fileID: 0}
    - target: {fileID: 7379136522054155028, guid: 982ad48a1ea510c469372dc0493ef07a, type: 3}
      propertyPath: m_FlipX
      value: 0
      objectReference: {fileID: 0}
    - target: {fileID: 8451343442907297712, guid: 982ad48a1ea510c469372dc0493ef07a, type: 3}
      propertyPath: m_Offset.y
      value: 0.4026178
      objectReference: {fileID: 0}
    - target: {fileID: 8451343442907297712, guid: 982ad48a1ea510c469372dc0493ef07a, type: 3}
      propertyPath: m_SpriteTilingProperty.oldSize.x
      value: 1.92
      objectReference: {fileID: 0}
    - target: {fileID: 8451343442907297712, guid: 982ad48a1ea510c469372dc0493ef07a, type: 3}
      propertyPath: m_SpriteTilingProperty.oldSize.y
      value: 2.79
      objectReference: {fileID: 0}
    - target: {fileID: 8451343442907297712, guid: 982ad48a1ea510c469372dc0493ef07a, type: 3}
      propertyPath: m_Size.y
      value: 1.4418561
      objectReference: {fileID: 0}
    - target: {fileID: 8451343442907297712, guid: 982ad48a1ea510c469372dc0493ef07a, type: 3}
      propertyPath: m_Offset.x
      value: 0.13621521
      objectReference: {fileID: 0}
    - target: {fileID: 8451343442907297712, guid: 982ad48a1ea510c469372dc0493ef07a, type: 3}
      propertyPath: m_Size.x
      value: 1.2545166
      objectReference: {fileID: 0}
    m_RemovedComponents: []
  m_SourcePrefab: {fileID: 100100000, guid: 982ad48a1ea510c469372dc0493ef07a, type: 3}
--- !u!4 &2346153088428782930 stripped
Transform:
  m_CorrespondingSourceObject: {fileID: 1808137508924421871, guid: 982ad48a1ea510c469372dc0493ef07a, type: 3}
  m_PrefabInstance: {fileID: 4150347095804756925}
  m_PrefabAsset: {fileID: 0}
--- !u!1001 &5759741425157821649
PrefabInstance:
  m_ObjectHideFlags: 0
  serializedVersion: 2
  m_Modification:
    m_TransformParent: {fileID: 5330159028779616817}
    m_Modifications:
    - target: {fileID: 3531608898534075653, guid: 13bfd4b3e22b4f84c9687c4d5e3e6fe5, type: 3}
      propertyPath: m_Name
      value: item_empty (1)
      objectReference: {fileID: 0}
    - target: {fileID: 4343852572870810872, guid: 13bfd4b3e22b4f84c9687c4d5e3e6fe5, type: 3}
      propertyPath: m_LocalPosition.x
      value: 3.0188599
      objectReference: {fileID: 0}
    - target: {fileID: 4343852572870810872, guid: 13bfd4b3e22b4f84c9687c4d5e3e6fe5, type: 3}
      propertyPath: m_LocalPosition.y
      value: 2.5499992
      objectReference: {fileID: 0}
    - target: {fileID: 4343852572870810872, guid: 13bfd4b3e22b4f84c9687c4d5e3e6fe5, type: 3}
      propertyPath: m_LocalPosition.z
      value: 0
      objectReference: {fileID: 0}
    - target: {fileID: 4343852572870810872, guid: 13bfd4b3e22b4f84c9687c4d5e3e6fe5, type: 3}
      propertyPath: m_LocalRotation.x
      value: -0
      objectReference: {fileID: 0}
    - target: {fileID: 4343852572870810872, guid: 13bfd4b3e22b4f84c9687c4d5e3e6fe5, type: 3}
      propertyPath: m_LocalRotation.y
      value: -0
      objectReference: {fileID: 0}
    - target: {fileID: 4343852572870810872, guid: 13bfd4b3e22b4f84c9687c4d5e3e6fe5, type: 3}
      propertyPath: m_LocalRotation.z
      value: -0
      objectReference: {fileID: 0}
    - target: {fileID: 4343852572870810872, guid: 13bfd4b3e22b4f84c9687c4d5e3e6fe5, type: 3}
      propertyPath: m_LocalRotation.w
      value: 1
      objectReference: {fileID: 0}
    - target: {fileID: 4343852572870810872, guid: 13bfd4b3e22b4f84c9687c4d5e3e6fe5, type: 3}
      propertyPath: m_RootOrder
      value: 3
      objectReference: {fileID: 0}
    - target: {fileID: 4343852572870810872, guid: 13bfd4b3e22b4f84c9687c4d5e3e6fe5, type: 3}
      propertyPath: m_LocalEulerAnglesHint.x
      value: 0
      objectReference: {fileID: 0}
    - target: {fileID: 4343852572870810872, guid: 13bfd4b3e22b4f84c9687c4d5e3e6fe5, type: 3}
      propertyPath: m_LocalEulerAnglesHint.y
      value: 0
      objectReference: {fileID: 0}
    - target: {fileID: 4343852572870810872, guid: 13bfd4b3e22b4f84c9687c4d5e3e6fe5, type: 3}
      propertyPath: m_LocalEulerAnglesHint.z
      value: 0
      objectReference: {fileID: 0}
    - target: {fileID: 4843700600396337411, guid: 13bfd4b3e22b4f84c9687c4d5e3e6fe5, type: 3}
      propertyPath: m_Sprite
      value: 
      objectReference: {fileID: 21300000, guid: 625602f1759f0c540b8fc5e1f822c83f, type: 3}
    - target: {fileID: 4843700600396337411, guid: 13bfd4b3e22b4f84c9687c4d5e3e6fe5, type: 3}
      propertyPath: m_SortingOrder
      value: 110
      objectReference: {fileID: 0}
    m_RemovedComponents: []
  m_SourcePrefab: {fileID: 100100000, guid: 13bfd4b3e22b4f84c9687c4d5e3e6fe5, type: 3}
--- !u!4 &8333559993483905065 stripped
Transform:
  m_CorrespondingSourceObject: {fileID: 4343852572870810872, guid: 13bfd4b3e22b4f84c9687c4d5e3e6fe5, type: 3}
  m_PrefabInstance: {fileID: 5759741425157821649}
  m_PrefabAsset: {fileID: 0}
--- !u!1001 &6311183255017883738
PrefabInstance:
  m_ObjectHideFlags: 0
  serializedVersion: 2
  m_Modification:
    m_TransformParent: {fileID: 5330159028779616817}
    m_Modifications:
    - target: {fileID: 519938151996300674, guid: 92351839aee6c7c47ae8da4eaf5184e9, type: 3}
      propertyPath: m_LocalPosition.x
      value: 9.06
      objectReference: {fileID: 0}
    - target: {fileID: 519938151996300674, guid: 92351839aee6c7c47ae8da4eaf5184e9, type: 3}
      propertyPath: m_LocalPosition.y
      value: 3.230001
      objectReference: {fileID: 0}
    - target: {fileID: 519938151996300674, guid: 92351839aee6c7c47ae8da4eaf5184e9, type: 3}
      propertyPath: m_LocalPosition.z
      value: 0
      objectReference: {fileID: 0}
    - target: {fileID: 519938151996300674, guid: 92351839aee6c7c47ae8da4eaf5184e9, type: 3}
      propertyPath: m_LocalRotation.x
      value: 0
      objectReference: {fileID: 0}
    - target: {fileID: 519938151996300674, guid: 92351839aee6c7c47ae8da4eaf5184e9, type: 3}
      propertyPath: m_LocalRotation.y
      value: 0
      objectReference: {fileID: 0}
    - target: {fileID: 519938151996300674, guid: 92351839aee6c7c47ae8da4eaf5184e9, type: 3}
      propertyPath: m_LocalRotation.z
      value: 0
      objectReference: {fileID: 0}
    - target: {fileID: 519938151996300674, guid: 92351839aee6c7c47ae8da4eaf5184e9, type: 3}
      propertyPath: m_LocalRotation.w
      value: 1
      objectReference: {fileID: 0}
    - target: {fileID: 519938151996300674, guid: 92351839aee6c7c47ae8da4eaf5184e9, type: 3}
      propertyPath: m_RootOrder
      value: 8
      objectReference: {fileID: 0}
    - target: {fileID: 519938151996300674, guid: 92351839aee6c7c47ae8da4eaf5184e9, type: 3}
      propertyPath: m_LocalEulerAnglesHint.x
      value: 0
      objectReference: {fileID: 0}
    - target: {fileID: 519938151996300674, guid: 92351839aee6c7c47ae8da4eaf5184e9, type: 3}
      propertyPath: m_LocalEulerAnglesHint.y
      value: 0
      objectReference: {fileID: 0}
    - target: {fileID: 519938151996300674, guid: 92351839aee6c7c47ae8da4eaf5184e9, type: 3}
      propertyPath: m_LocalEulerAnglesHint.z
      value: 0
      objectReference: {fileID: 0}
    - target: {fileID: 519938151996300675, guid: 92351839aee6c7c47ae8da4eaf5184e9, type: 3}
      propertyPath: m_Name
      value: bottomCover_rev
      objectReference: {fileID: 0}
    m_RemovedComponents: []
  m_SourcePrefab: {fileID: 100100000, guid: 92351839aee6c7c47ae8da4eaf5184e9, type: 3}
--- !u!4 &5810456358735418840 stripped
Transform:
  m_CorrespondingSourceObject: {fileID: 519938151996300674, guid: 92351839aee6c7c47ae8da4eaf5184e9, type: 3}
  m_PrefabInstance: {fileID: 6311183255017883738}
  m_PrefabAsset: {fileID: 0}
--- !u!1001 &6739724210244401303
PrefabInstance:
  m_ObjectHideFlags: 0
  serializedVersion: 2
  m_Modification:
    m_TransformParent: {fileID: 5330159028779616817}
    m_Modifications:
    - target: {fileID: 519938151996300674, guid: 301e22e8b249708498872b0c0cb02a8d, type: 3}
      propertyPath: m_LocalPosition.x
      value: -8.531128
      objectReference: {fileID: 0}
    - target: {fileID: 519938151996300674, guid: 301e22e8b249708498872b0c0cb02a8d, type: 3}
      propertyPath: m_LocalPosition.y
      value: 3.2300014
      objectReference: {fileID: 0}
    - target: {fileID: 519938151996300674, guid: 301e22e8b249708498872b0c0cb02a8d, type: 3}
      propertyPath: m_LocalPosition.z
      value: 0
      objectReference: {fileID: 0}
    - target: {fileID: 519938151996300674, guid: 301e22e8b249708498872b0c0cb02a8d, type: 3}
      propertyPath: m_LocalRotation.x
      value: -0
      objectReference: {fileID: 0}
    - target: {fileID: 519938151996300674, guid: 301e22e8b249708498872b0c0cb02a8d, type: 3}
      propertyPath: m_LocalRotation.y
      value: -0
      objectReference: {fileID: 0}
    - target: {fileID: 519938151996300674, guid: 301e22e8b249708498872b0c0cb02a8d, type: 3}
      propertyPath: m_LocalRotation.z
      value: -0
      objectReference: {fileID: 0}
    - target: {fileID: 519938151996300674, guid: 301e22e8b249708498872b0c0cb02a8d, type: 3}
      propertyPath: m_LocalRotation.w
      value: 1
      objectReference: {fileID: 0}
    - target: {fileID: 519938151996300674, guid: 301e22e8b249708498872b0c0cb02a8d, type: 3}
      propertyPath: m_RootOrder
      value: 7
      objectReference: {fileID: 0}
    - target: {fileID: 519938151996300674, guid: 301e22e8b249708498872b0c0cb02a8d, type: 3}
      propertyPath: m_LocalEulerAnglesHint.x
      value: 0
      objectReference: {fileID: 0}
    - target: {fileID: 519938151996300674, guid: 301e22e8b249708498872b0c0cb02a8d, type: 3}
      propertyPath: m_LocalEulerAnglesHint.y
      value: 0
      objectReference: {fileID: 0}
    - target: {fileID: 519938151996300674, guid: 301e22e8b249708498872b0c0cb02a8d, type: 3}
      propertyPath: m_LocalEulerAnglesHint.z
      value: 0
      objectReference: {fileID: 0}
    - target: {fileID: 519938151996300675, guid: 301e22e8b249708498872b0c0cb02a8d, type: 3}
      propertyPath: m_Name
      value: bottomCover
      objectReference: {fileID: 0}
    m_RemovedComponents: []
  m_SourcePrefab: {fileID: 100100000, guid: 301e22e8b249708498872b0c0cb02a8d, type: 3}
--- !u!4 &6539085421045753109 stripped
Transform:
  m_CorrespondingSourceObject: {fileID: 519938151996300674, guid: 301e22e8b249708498872b0c0cb02a8d, type: 3}
  m_PrefabInstance: {fileID: 6739724210244401303}
  m_PrefabAsset: {fileID: 0}
--- !u!1001 &7029147106587497769
PrefabInstance:
  m_ObjectHideFlags: 0
  serializedVersion: 2
  m_Modification:
    m_TransformParent: {fileID: 5330159028779616817}
    m_Modifications:
    - target: {fileID: 591066624498981946, guid: 157a4a50912edff4caeacd104b406867, type: 3}
      propertyPath: m_Offset.y
      value: -0.2782116
      objectReference: {fileID: 0}
    - target: {fileID: 591066624498981946, guid: 157a4a50912edff4caeacd104b406867, type: 3}
      propertyPath: m_SpriteTilingProperty.oldSize.x
      value: 5.71
      objectReference: {fileID: 0}
    - target: {fileID: 591066624498981946, guid: 157a4a50912edff4caeacd104b406867, type: 3}
      propertyPath: m_SpriteTilingProperty.oldSize.y
      value: 6.37
      objectReference: {fileID: 0}
    - target: {fileID: 591066624498981946, guid: 157a4a50912edff4caeacd104b406867, type: 3}
      propertyPath: m_Size.y
      value: 5.395672
      objectReference: {fileID: 0}
    - target: {fileID: 591066624498981946, guid: 157a4a50912edff4caeacd104b406867, type: 3}
      propertyPath: m_Offset.x
      value: -0.022506714
      objectReference: {fileID: 0}
    - target: {fileID: 591066624498981946, guid: 157a4a50912edff4caeacd104b406867, type: 3}
      propertyPath: m_Size.x
      value: 4.0304565
      objectReference: {fileID: 0}
    - target: {fileID: 1953755682489438366, guid: 157a4a50912edff4caeacd104b406867, type: 3}
      propertyPath: m_Sprite
      value: 
      objectReference: {fileID: 21300000, guid: e028975de222336488f949e4a40a936d, type: 3}
    - target: {fileID: 1953755682489438366, guid: 157a4a50912edff4caeacd104b406867, type: 3}
      propertyPath: m_SortingLayerID
      value: -725359351
      objectReference: {fileID: 0}
    - target: {fileID: 1953755682489438366, guid: 157a4a50912edff4caeacd104b406867, type: 3}
      propertyPath: m_SortingLayer
      value: 6
      objectReference: {fileID: 0}
    - target: {fileID: 1953755682489438366, guid: 157a4a50912edff4caeacd104b406867, type: 3}
      propertyPath: m_SortingOrder
      value: 110
      objectReference: {fileID: 0}
    - target: {fileID: 4766575064592363737, guid: 157a4a50912edff4caeacd104b406867, type: 3}
      propertyPath: layerSortingOrder
      value: 111
      objectReference: {fileID: 0}
    - target: {fileID: 4766575064592363737, guid: 157a4a50912edff4caeacd104b406867, type: 3}
      propertyPath: fx.Array.data[0]
      value: 
      objectReference: {fileID: 4230173638489732945, guid: db49728c29e90924aa2080d78033752b, type: 3}
    - target: {fileID: 4766575064592363737, guid: 157a4a50912edff4caeacd104b406867, type: 3}
      propertyPath: layerName
      value: LocationAlwaysTop
      objectReference: {fileID: 0}
    - target: {fileID: 7236471645864910181, guid: 157a4a50912edff4caeacd104b406867, type: 3}
      propertyPath: m_LocalPosition.x
      value: -3.831131
      objectReference: {fileID: 0}
    - target: {fileID: 7236471645864910181, guid: 157a4a50912edff4caeacd104b406867, type: 3}
      propertyPath: m_LocalPosition.y
      value: 0.80000114
      objectReference: {fileID: 0}
    - target: {fileID: 7236471645864910181, guid: 157a4a50912edff4caeacd104b406867, type: 3}
      propertyPath: m_LocalPosition.z
      value: 0
      objectReference: {fileID: 0}
    - target: {fileID: 7236471645864910181, guid: 157a4a50912edff4caeacd104b406867, type: 3}
      propertyPath: m_LocalRotation.x
      value: -0
      objectReference: {fileID: 0}
    - target: {fileID: 7236471645864910181, guid: 157a4a50912edff4caeacd104b406867, type: 3}
      propertyPath: m_LocalRotation.y
      value: -0
      objectReference: {fileID: 0}
    - target: {fileID: 7236471645864910181, guid: 157a4a50912edff4caeacd104b406867, type: 3}
      propertyPath: m_LocalRotation.z
      value: -0
      objectReference: {fileID: 0}
    - target: {fileID: 7236471645864910181, guid: 157a4a50912edff4caeacd104b406867, type: 3}
      propertyPath: m_LocalRotation.w
      value: 1
      objectReference: {fileID: 0}
    - target: {fileID: 7236471645864910181, guid: 157a4a50912edff4caeacd104b406867, type: 3}
      propertyPath: m_RootOrder
      value: 1
      objectReference: {fileID: 0}
    - target: {fileID: 7236471645864910181, guid: 157a4a50912edff4caeacd104b406867, type: 3}
      propertyPath: m_LocalEulerAnglesHint.x
      value: 0
      objectReference: {fileID: 0}
    - target: {fileID: 7236471645864910181, guid: 157a4a50912edff4caeacd104b406867, type: 3}
      propertyPath: m_LocalEulerAnglesHint.y
      value: 0
      objectReference: {fileID: 0}
    - target: {fileID: 7236471645864910181, guid: 157a4a50912edff4caeacd104b406867, type: 3}
      propertyPath: m_LocalEulerAnglesHint.z
      value: 0
      objectReference: {fileID: 0}
    - target: {fileID: 7577202939885530264, guid: 157a4a50912edff4caeacd104b406867, type: 3}
      propertyPath: m_Name
      value: item (20)
      objectReference: {fileID: 0}
    - target: {fileID: 7577202939885530264, guid: 157a4a50912edff4caeacd104b406867, type: 3}
      propertyPath: m_Layer
      value: 16
      objectReference: {fileID: 0}
    m_RemovedComponents: []
  m_SourcePrefab: {fileID: 100100000, guid: 157a4a50912edff4caeacd104b406867, type: 3}
--- !u!4 &423778797711132748 stripped
Transform:
  m_CorrespondingSourceObject: {fileID: 7236471645864910181, guid: 157a4a50912edff4caeacd104b406867, type: 3}
  m_PrefabInstance: {fileID: 7029147106587497769}
  m_PrefabAsset: {fileID: 0}
--- !u!1001 &7932526497773059096
PrefabInstance:
  m_ObjectHideFlags: 0
  serializedVersion: 2
  m_Modification:
    m_TransformParent: {fileID: 5330159028779616817}
    m_Modifications:
    - target: {fileID: 1325385681579036973, guid: 0523d4d7495e68742906537daba97a8f, type: 3}
      propertyPath: m_LocalPosition.y
      value: 0.53
      objectReference: {fileID: 0}
    - target: {fileID: 1325385681579036973, guid: 0523d4d7495e68742906537daba97a8f, type: 3}
      propertyPath: m_LocalPosition.x
      value: -3.019998
      objectReference: {fileID: 0}
    - target: {fileID: 1904674271428985311, guid: 0523d4d7495e68742906537daba97a8f, type: 3}
      propertyPath: m_LocalPosition.y
      value: 0.62
      objectReference: {fileID: 0}
    - target: {fileID: 1904674271428985311, guid: 0523d4d7495e68742906537daba97a8f, type: 3}
      propertyPath: m_LocalPosition.x
      value: 1.7699994
      objectReference: {fileID: 0}
    - target: {fileID: 2218107607437146937, guid: 0523d4d7495e68742906537daba97a8f, type: 3}
      propertyPath: m_Name
      value: table_001 (6)
      objectReference: {fileID: 0}
    - target: {fileID: 2218107607437146937, guid: 0523d4d7495e68742906537daba97a8f, type: 3}
      propertyPath: m_Layer
      value: 16
      objectReference: {fileID: 0}
    - target: {fileID: 2668130033580460903, guid: 0523d4d7495e68742906537daba97a8f, type: 3}
      propertyPath: m_LocalPosition.y
      value: 2.383
      objectReference: {fileID: 0}
    - target: {fileID: 2668130033580460903, guid: 0523d4d7495e68742906537daba97a8f, type: 3}
      propertyPath: m_LocalPosition.x
      value: 0.02
      objectReference: {fileID: 0}
    - target: {fileID: 4187222035826908319, guid: 0523d4d7495e68742906537daba97a8f, type: 3}
      propertyPath: layerSortingOrder
      value: 108
      objectReference: {fileID: 0}
    - target: {fileID: 4187222035826908319, guid: 0523d4d7495e68742906537daba97a8f, type: 3}
      propertyPath: layerName
      value: LocationAlwaysTop
      objectReference: {fileID: 0}
    - target: {fileID: 5530554912596630542, guid: 0523d4d7495e68742906537daba97a8f, type: 3}
      propertyPath: m_SortingOrder
      value: 107
      objectReference: {fileID: 0}
    - target: {fileID: 5530554912596630542, guid: 0523d4d7495e68742906537daba97a8f, type: 3}
      propertyPath: m_SortingLayerID
      value: -725359351
      objectReference: {fileID: 0}
    - target: {fileID: 5530554912596630542, guid: 0523d4d7495e68742906537daba97a8f, type: 3}
      propertyPath: m_SortingLayer
      value: 6
      objectReference: {fileID: 0}
    - target: {fileID: 7406430466064999609, guid: 0523d4d7495e68742906537daba97a8f, type: 3}
      propertyPath: m_LocalPosition.x
      value: 1.6488647
      objectReference: {fileID: 0}
    - target: {fileID: 7406430466064999609, guid: 0523d4d7495e68742906537daba97a8f, type: 3}
      propertyPath: m_LocalPosition.y
      value: -0.25
      objectReference: {fileID: 0}
    - target: {fileID: 7406430466064999609, guid: 0523d4d7495e68742906537daba97a8f, type: 3}
      propertyPath: m_LocalPosition.z
      value: 0
      objectReference: {fileID: 0}
    - target: {fileID: 7406430466064999609, guid: 0523d4d7495e68742906537daba97a8f, type: 3}
      propertyPath: m_LocalRotation.x
      value: -0
      objectReference: {fileID: 0}
    - target: {fileID: 7406430466064999609, guid: 0523d4d7495e68742906537daba97a8f, type: 3}
      propertyPath: m_LocalRotation.y
      value: -0
      objectReference: {fileID: 0}
    - target: {fileID: 7406430466064999609, guid: 0523d4d7495e68742906537daba97a8f, type: 3}
      propertyPath: m_LocalRotation.z
      value: -0
      objectReference: {fileID: 0}
    - target: {fileID: 7406430466064999609, guid: 0523d4d7495e68742906537daba97a8f, type: 3}
      propertyPath: m_LocalRotation.w
      value: 1
      objectReference: {fileID: 0}
    - target: {fileID: 7406430466064999609, guid: 0523d4d7495e68742906537daba97a8f, type: 3}
      propertyPath: m_RootOrder
      value: 0
      objectReference: {fileID: 0}
    - target: {fileID: 7406430466064999609, guid: 0523d4d7495e68742906537daba97a8f, type: 3}
      propertyPath: m_LocalEulerAnglesHint.x
      value: 0
      objectReference: {fileID: 0}
    - target: {fileID: 7406430466064999609, guid: 0523d4d7495e68742906537daba97a8f, type: 3}
      propertyPath: m_LocalEulerAnglesHint.y
      value: 0
      objectReference: {fileID: 0}
    - target: {fileID: 7406430466064999609, guid: 0523d4d7495e68742906537daba97a8f, type: 3}
      propertyPath: m_LocalEulerAnglesHint.z
      value: 0
      objectReference: {fileID: 0}
    - target: {fileID: 7825526524932681426, guid: 0523d4d7495e68742906537daba97a8f, type: 3}
      propertyPath: m_SortingOrder
      value: 107
      objectReference: {fileID: 0}
    - target: {fileID: 7825526524932681426, guid: 0523d4d7495e68742906537daba97a8f, type: 3}
      propertyPath: m_SortingLayerID
      value: -725359351
      objectReference: {fileID: 0}
    - target: {fileID: 7825526524932681426, guid: 0523d4d7495e68742906537daba97a8f, type: 3}
      propertyPath: m_SortingLayer
      value: 6
      objectReference: {fileID: 0}
    - target: {fileID: 8572161365493787379, guid: 0523d4d7495e68742906537daba97a8f, type: 3}
      propertyPath: m_SortingOrder
      value: 107
      objectReference: {fileID: 0}
    - target: {fileID: 8572161365493787379, guid: 0523d4d7495e68742906537daba97a8f, type: 3}
      propertyPath: m_SortingLayerID
      value: -725359351
      objectReference: {fileID: 0}
    - target: {fileID: 8572161365493787379, guid: 0523d4d7495e68742906537daba97a8f, type: 3}
      propertyPath: m_SortingLayer
      value: 6
      objectReference: {fileID: 0}
    m_RemovedComponents: []
  m_SourcePrefab: {fileID: 100100000, guid: 0523d4d7495e68742906537daba97a8f, type: 3}
--- !u!4 &638688260617246881 stripped
Transform:
  m_CorrespondingSourceObject: {fileID: 7406430466064999609, guid: 0523d4d7495e68742906537daba97a8f, type: 3}
  m_PrefabInstance: {fileID: 7932526497773059096}
  m_PrefabAsset: {fileID: 0}
--- !u!1001 &8472430621005024396
PrefabInstance:
  m_ObjectHideFlags: 0
  serializedVersion: 2
  m_Modification:
    m_TransformParent: {fileID: 5330159028779616817}
    m_Modifications:
    - target: {fileID: 1467458858315482898, guid: 982ad48a1ea510c469372dc0493ef07a, type: 3}
      propertyPath: m_Name
      value: item_phisics (30)
      objectReference: {fileID: 0}
    - target: {fileID: 1467458858315482898, guid: 982ad48a1ea510c469372dc0493ef07a, type: 3}
      propertyPath: m_Layer
      value: 16
      objectReference: {fileID: 0}
    - target: {fileID: 1808137508924421871, guid: 982ad48a1ea510c469372dc0493ef07a, type: 3}
      propertyPath: m_LocalPosition.x
      value: 1.6888733
      objectReference: {fileID: 0}
    - target: {fileID: 1808137508924421871, guid: 982ad48a1ea510c469372dc0493ef07a, type: 3}
      propertyPath: m_LocalPosition.y
      value: 3.8500004
      objectReference: {fileID: 0}
    - target: {fileID: 1808137508924421871, guid: 982ad48a1ea510c469372dc0493ef07a, type: 3}
      propertyPath: m_LocalPosition.z
      value: 0
      objectReference: {fileID: 0}
    - target: {fileID: 1808137508924421871, guid: 982ad48a1ea510c469372dc0493ef07a, type: 3}
      propertyPath: m_LocalRotation.x
      value: -0
      objectReference: {fileID: 0}
    - target: {fileID: 1808137508924421871, guid: 982ad48a1ea510c469372dc0493ef07a, type: 3}
      propertyPath: m_LocalRotation.y
      value: -0
      objectReference: {fileID: 0}
    - target: {fileID: 1808137508924421871, guid: 982ad48a1ea510c469372dc0493ef07a, type: 3}
      propertyPath: m_LocalRotation.z
      value: -0
      objectReference: {fileID: 0}
    - target: {fileID: 1808137508924421871, guid: 982ad48a1ea510c469372dc0493ef07a, type: 3}
      propertyPath: m_LocalRotation.w
      value: 1
      objectReference: {fileID: 0}
    - target: {fileID: 1808137508924421871, guid: 982ad48a1ea510c469372dc0493ef07a, type: 3}
      propertyPath: m_RootOrder
      value: 6
      objectReference: {fileID: 0}
    - target: {fileID: 1808137508924421871, guid: 982ad48a1ea510c469372dc0493ef07a, type: 3}
      propertyPath: m_LocalEulerAnglesHint.x
      value: 0
      objectReference: {fileID: 0}
    - target: {fileID: 1808137508924421871, guid: 982ad48a1ea510c469372dc0493ef07a, type: 3}
      propertyPath: m_LocalEulerAnglesHint.y
      value: 0
      objectReference: {fileID: 0}
    - target: {fileID: 1808137508924421871, guid: 982ad48a1ea510c469372dc0493ef07a, type: 3}
      propertyPath: m_LocalEulerAnglesHint.z
      value: 0
      objectReference: {fileID: 0}
    - target: {fileID: 2624718922426506853, guid: 982ad48a1ea510c469372dc0493ef07a, type: 3}
      propertyPath: m_Mass
      value: 2200
      objectReference: {fileID: 0}
    - target: {fileID: 6962764224025498906, guid: 982ad48a1ea510c469372dc0493ef07a, type: 3}
      propertyPath: layerSortingOrder
      value: 121
      objectReference: {fileID: 0}
    - target: {fileID: 6962764224025498906, guid: 982ad48a1ea510c469372dc0493ef07a, type: 3}
      propertyPath: fx.Array.data[0]
      value: 
      objectReference: {fileID: 4230173638489732945, guid: 6ddc61e66856865489439cb03a688454, type: 3}
    - target: {fileID: 6962764224025498906, guid: 982ad48a1ea510c469372dc0493ef07a, type: 3}
      propertyPath: layerName
      value: LocationAlwaysTop
      objectReference: {fileID: 0}
    - target: {fileID: 7379136522054155028, guid: 982ad48a1ea510c469372dc0493ef07a, type: 3}
      propertyPath: m_Sprite
      value: 
      objectReference: {fileID: 21300000, guid: 28dbb0e1f868a274a8f6acef24da6482, type: 3}
    - target: {fileID: 7379136522054155028, guid: 982ad48a1ea510c469372dc0493ef07a, type: 3}
      propertyPath: m_SortingOrder
      value: 120
      objectReference: {fileID: 0}
    - target: {fileID: 7379136522054155028, guid: 982ad48a1ea510c469372dc0493ef07a, type: 3}
      propertyPath: m_SortingLayerID
      value: -725359351
      objectReference: {fileID: 0}
    - target: {fileID: 7379136522054155028, guid: 982ad48a1ea510c469372dc0493ef07a, type: 3}
      propertyPath: m_SortingLayer
      value: 6
      objectReference: {fileID: 0}
    - target: {fileID: 7379136522054155028, guid: 982ad48a1ea510c469372dc0493ef07a, type: 3}
      propertyPath: m_FlipX
      value: 1
      objectReference: {fileID: 0}
    - target: {fileID: 8451343442907297712, guid: 982ad48a1ea510c469372dc0493ef07a, type: 3}
      propertyPath: m_Offset.y
      value: -0.07470572
      objectReference: {fileID: 0}
    - target: {fileID: 8451343442907297712, guid: 982ad48a1ea510c469372dc0493ef07a, type: 3}
      propertyPath: m_SpriteTilingProperty.oldSize.x
      value: 1.47
      objectReference: {fileID: 0}
    - target: {fileID: 8451343442907297712, guid: 982ad48a1ea510c469372dc0493ef07a, type: 3}
      propertyPath: m_SpriteTilingProperty.oldSize.y
      value: 2.88
      objectReference: {fileID: 0}
    - target: {fileID: 8451343442907297712, guid: 982ad48a1ea510c469372dc0493ef07a, type: 3}
      propertyPath: m_Size.y
      value: 2.0365894
      objectReference: {fileID: 0}
    - target: {fileID: 8451343442907297712, guid: 982ad48a1ea510c469372dc0493ef07a, type: 3}
      propertyPath: m_Offset.x
      value: 0.15451813
      objectReference: {fileID: 0}
    - target: {fileID: 8451343442907297712, guid: 982ad48a1ea510c469372dc0493ef07a, type: 3}
      propertyPath: m_Size.x
      value: 0.7092743
      objectReference: {fileID: 0}
    m_RemovedComponents: []
  m_SourcePrefab: {fileID: 100100000, guid: 982ad48a1ea510c469372dc0493ef07a, type: 3}
--- !u!4 &7819328393443965539 stripped
Transform:
  m_CorrespondingSourceObject: {fileID: 1808137508924421871, guid: 982ad48a1ea510c469372dc0493ef07a, type: 3}
  m_PrefabInstance: {fileID: 8472430621005024396}
  m_PrefabAsset: {fileID: 0}
